@article{Planck2020,
   title = {Planck2018 results: VI. Cosmological parameters},
   volume = {641},
   ISSN = {1432-0746},
   url = {http://dx.doi.org/10.1051/0004-6361/201833910},
   DOI = {10.1051/0004-6361/201833910},
   journal={Astronomy \&; Astrophysics},
   publisher={EDP Sciences},
   author={Aghanim, N. and Akrami, Y. and Ashdown, M. and Aumont, J. and Baccigalupi, C. and Ballardini, M. and Banday, A. J. and Barreiro, R. B. and Bartolo, N. and Basak, S. and Battye, R. and Benabed, K. and Bernard, J.-P. and Bersanelli, M. and Bielewicz, P. and Bock, J. J. and Bond, J. R. and Borrill, J. and Bouchet, F. R. and Boulanger, F. and Bucher, M. and Burigana, C. and Butler, R. C. and Calabrese, E. and Cardoso, J.-F. and Carron, J. and Challinor, A. and Chiang, H. C. and Chluba, J. and Colombo, L. P. L. and Combet, C. and Contreras, D. and Crill, B. P. and Cuttaia, F. and de Bernardis, P. and de Zotti, G. and Delabrouille, J. and Delouis, J.-M. and Di Valentino, E. and Diego, J. M. and Doré, O. and Douspis, M. and Ducout, A. and Dupac, X. and Dusini, S. and Efstathiou, G. and Elsner, F. and Enßlin, T. A. and Eriksen, H. K. and Fantaye, Y. and Farhang, M. and Fergusson, J. and Fernandez-Cobos, R. and Finelli, F. and Forastieri, F. and Frailis, M. and Fraisse, A. A. and Franceschi, E. and Frolov, A. and Galeotta, S. and Galli, S. and Ganga, K. and Génova-Santos, R. T. and Gerbino, M. and Ghosh, T. and González-Nuevo, J. and Górski, K. M. and Gratton, S. and Gruppuso, A. and Gudmundsson, J. E. and Hamann, J. and Handley, W. and Hansen, F. K. and Herranz, D. and Hildebrandt, S. R. and Hivon, E. and Huang, Z. and Jaffe, A. H. and Jones, W. C. and Karakci, A. and Keihänen, E. and Keskitalo, R. and Kiiveri, K. and Kim, J. and Kisner, T. S. and Knox, L. and Krachmalnicoff, N. and Kunz, M. and Kurki-Suonio, H. and Lagache, G. and Lamarre, J.-M. and Lasenby, A. and Lattanzi, M. and Lawrence, C. R. and Le Jeune, M. and Lemos, P. and Lesgourgues, J. and Levrier, F. and Lewis, A. and Liguori, M. and Lilje, P. B. and Lilley, M. and Lindholm, V. and López-Caniego, M. and Lubin, P. M. and Ma, Y.-Z. and Macías-Pérez, J. F. and Maggio, G. and Maino, D. and Mandolesi, N. and Mangilli, A. and Marcos-Caballero, A. and Maris, M. and Martin, P. G. and Martinelli, M. and Martínez-González, E. and Matarrese, S. and Mauri, N. and McEwen, J. D. and Meinhold, P. R. and Melchiorri, A. and Mennella, A. and Migliaccio, M. and Millea, M. and Mitra, S. and Miville-Deschênes, M.-A. and Molinari, D. and Montier, L. and Morgante, G. and Moss, A. and Natoli, P. and Nørgaard-Nielsen, H. U. and Pagano, L. and Paoletti, D. and Partridge, B. and Patanchon, G. and Peiris, H. V. and Perrotta, F. and Pettorino, V. and Piacentini, F. and Polastri, L. and Polenta, G. and Puget, J.-L. and Rachen, J. P. and Reinecke, M. and Remazeilles, M. and Renzi, A. and Rocha, G. and Rosset, C. and Roudier, G. and Rubiño-Martín, J. A. and Ruiz-Granados, B. and Salvati, L. and Sandri, M. and Savelainen, M. and Scott, D. and Shellard, E. P. S. and Sirignano, C. and Sirri, G. and Spencer, L. D. and Sunyaev, R. and Suur-Uski, A.-S. and Tauber, J. A. and Tavagnacco, D. and Tenti, M. and Toffolatti, L. and Tomasi, M. and Trombetti, T. and Valenziano, L. and Valiviita, J. and Van Tent, B. and Vibert, L. and Vielva, P. and Villa, F. and Vittorio, N. and Wandelt, B. D. and Wehus, I. K. and White, M. and White, S. D. M. and Zacchei, A. and Zonca, A.},
   year={2020},
   month=sep, pages={A6} 
}


@article{CLASH-VLT:-The-Inner-Slope-of-the-MACS-J1206.2-0847-Dark-Matter-Density-Profile,
    author = {Biviano, Andrea and Pizzuti, Lorenzo and Mercurio, Amata and Sartoris, B. and Rosati, Piero and Ettori, Stefano and Girardi, Marisa and Grillo, Claudio and Caminha, Gabriel and Nonino, Mario},
    year = {2023},
    month = {11},
    pages = {148},
    title = {CLASH-VLT: The Inner Slope of the MACS J1206.2-0847 Dark Matter Density Profile},
    volume = {958},
    journal = {The Astrophysical Journal},
    doi = {10.3847/1538-4357/acf832}
}


@online{chandra-a2744,
  author    = {{Chandra X-ray Observatory}},
  title     = {Pandora's Cluster (Abell 2744)},
  year      = {2011},
  url       = {https://chandra.harvard.edu/photo/2011/a2744/},
  note      = {Accessed on 17 June 2025}
}



@book{2024darkmatter,
  title     = {Dark Matter: Evidence, Theory and Constraints},
  author    = {David J. E. Marsh, David Ellis and Viraf M. Mehta},
  year      = {2024},
  publisher = {Princeton UniversityPress},
  isbn      = {978-0-691-24951-3}
}



@article{Cusp-Core-Problem-Del-Popolo,
    AUTHOR = {Del Popolo, Antonino and Le Delliou, Morgan},
    TITLE = {Review of Solutions to the Cusp-Core Problem of the ΛCDM Model},
    JOURNAL = {Galaxies},
    VOLUME = {9},
    YEAR = {2021},
    NUMBER = {4},
    ARTICLE-NUMBER = {123},
    URL = {https://www.mdpi.com/2075-4434/9/4/123},
    ISSN = {2075-4434},
    DOI = {10.3390/galaxies9040123}
}


@article{Dark-Energy-in-Light-of-Multi-Messenger-Gravitational-Wave-Astronomy,
    author = {Ezquiaga, Jose María and Zumalacarregui, Miguel},
    year = {2018},
    month = {12},
    pages = {},
    title = {Dark Energy in Light of Multi-Messenger Gravitational-Wave Astronomy},
    volume = {5},
    journal = {Frontiers in Astronomy and Space Sciences},
    doi = {10.3389/fspas.2018.00044}
}



@article{Friedmann-1922,
       author = {{Friedmann}, A.},
        title = "{{\"U}ber die Kr{\"u}mmung des Raumes}",
      journal = {Zeitschrift fur Physik},
         year = 1922,
        month = jan,
       volume = {10},
        pages = {377-386},
          doi = {10.1007/BF01332580},
       adsurl = {https://ui.adsabs.harvard.edu/abs/1922ZPhy...10..377F},
      adsnote = {Provided by the SAO/NASA Astrophysics Data System}
}



@book{Galaxy-Formation-and-Evolution,
       author = {{Mo}, Houjun and {van den Bosch}, Frank C. and {White}, Simon},
        title = "{Galaxy Formation and Evolution}",
         year = 2010,
          doi = {10.1017/CBO9780511807244},
       adsurl = {https://ui.adsabs.harvard.edu/abs/2010gfe..book.....M},
      adsnote = {Provided by the SAO/NASA Astrophysics Data System}
}



@article{too-many-dwarf-galaxy-satellites-problem,
	author = {{Müller, Oliver} and {Pawlowski, Marcel S.} and {Revaz, Yves} and {Venhola, Aku} and {Rejkuba, Marina} and {Hilker, Michael} and {Lutz, Katharina}},
	title = {A too-many-dwarf-galaxy-satellites problem in the M 83 group},
	DOI= "10.1051/0004-6361/202348969",
	url= "https://doi.org/10.1051/0004-6361/202348969",
	journal = {A&A},
	year = 2024,
	volume = 684,
	pages = "L6",
}


@article{Navarro_1997,
   title={A Universal Density Profile from Hierarchical Clustering},
   volume={490},
   ISSN={1538-4357},
   url={http://dx.doi.org/10.1086/304888},
   DOI={10.1086/304888},
   number={2},
   journal={The Astrophysical Journal},
   publisher={American Astronomical Society},
   author={Navarro, Julio F. and Frenk, Carlos S. and White, Simon D. M.},
   year={1997},
   month=dec, pages={493–508}
}

@article{Navarro_1996,
   title={The Structure of Cold Dark Matter Halos},
   volume={462},
   ISSN={1538-4357},
   url={http://dx.doi.org/10.1086/177173},
   DOI={10.1086/177173},
   journal={The Astrophysical Journal},
   publisher={American Astronomical Society},
   author={Navarro, Julio F. and Frenk, Carlos S. and White, Simon D. M.},
   year={1996},
   month=may, pages={563}
}


@ARTICLE{Wyithe_gNFW_2001,
       author = {{Wyithe}, J.~S.~B. and {Turner}, E.~L. and {Spergel}, D.~N.},
        title = "{Gravitational Lens Statistics for Generalized NFW Profiles: Parameter Degeneracy and Implications for Self-Interacting Cold Dark Matter}",
      journal = {\apj},
     keywords = {Cosmology: Dark Matter, Galaxies: Clusters: General, Galaxies: Halos, Cosmology: Gravitational Lensing, Astrophysics},
         year = 2001,
        month = jul,
       volume = {555},
       number = {1},
        pages = {504-523},
          doi = {10.1086/321437},
archivePrefix = {arXiv},
       eprint = {astro-ph/0007354},
 primaryClass = {astro-ph},
       adsurl = {https://ui.adsabs.harvard.edu/abs/2001ApJ...555..504W},
      adsnote = {Provided by the SAO/NASA Astrophysics Data System}
}


@article{Neyrinck-2012,
   title={Quantifying distortions of the Lagrangian dark-matter mesh in cosmology},
   volume={428},
   ISSN={0035-8711},
   url={http://dx.doi.org/10.1093/mnras/sts027},
   DOI={10.1093/mnras/sts027},
   number={1},
   journal={Monthly Notices of the Royal Astronomical Society},
   publisher={Oxford University Press (OUP)},
   author={Neyrinck, Mark C.},
   year={2012},
   month=oct, pages={141–153} 
}



@misc{Pascale2024SN-H0-pe-measurement-H0,
      title={SN H0pe: The First Measurement of $H_0$ from a Multiply-Imaged Type Ia Supernova, Discovered by JWST}, 
      author={Massimo Pascale and Brenda L. Frye and Justin D. R. Pierel and Wenlei Chen and Patrick L. Kelly and Seth H. Cohen and Rogier A. Windhorst and Adam G. Riess and Patrick S. Kamieneski and Jose M. Diego and Ashish K. Meena and Sangjun Cha and Masamune Oguri and Adi Zitrin and M. James Jee and Nicholas Foo and Reagen Leimbach and Anton M. Koekemoer and C. J. Conselice and Liang Dai and Ariel Goobar and Matthew R. Siebert and Lou Strolger and S. P. Willner},
      year={2024},
      eprint={2403.18902},
      archivePrefix={arXiv},
      primaryClass={astro-ph.CO},
      url={https://arxiv.org/abs/2403.18902}, 
}



@phdthesis{PhDPizzuti,
    author = {Lorenzo Pizzuti},
    title = {Nature Of Gravity From The Mass
Profiles Of Galaxy Clusters},
    school = {Università degli Studi di Trieste},
    year = {2017/2018}
}


@mastersthesis{Pizzuti2015tesi,
  author       = {Lorenzo Pizzuti},
  title        = {Studio degli ammassi di galassie come test della relatività generale},
  school       = {Università degli Studi di Bologna},
  year         = {2015},
  type         = {Tesi di Laurea Magistrale},
  address      = {Bologna, Italia},
  note         = {Relatore: Prof. Stefano Borgani},
  url          = {https://adlibitum.oats.inaf.it/stefano.borgani/Tesi/Pizzuti/tesi-3.pdf}
}


@article{MG-MAMPOSST:a-code-to-test-modifications-of-gravity-with-internal-kinematics-and-lensing-analyses-of-galaxy-clusters,
   title = {MG-MAMPOSSt: a code to test modifications of gravity with internal kinematics and lensing analyses of galaxy clusters},
   volume = {506},
   ISSN = {1365-2966},
   url = {http://dx.doi.org/10.1093/mnras/stab1727},
   DOI = {10.1093/mnras/stab1727},
   number = {1},
   journal = {Monthly Notices of the Royal Astronomical Society},
   publisher = {Oxford University Press (OUP)},
   author = {Pizzuti, Lorenzo and Saltas, Ippocratis D and Amendola, Luca},
   year = {2021},
   month = jun, pages={595–612}
}


@article{Galaxy-cluster-self-interacting-dark-matter-simulations,
   title={Dianoga SIDM: Galaxy cluster self-interacting dark matter simulations},
   volume={687},
   ISSN={1432-0746},
   url={http://dx.doi.org/10.1051/0004-6361/202449872},
   DOI={10.1051/0004-6361/202449872},
   journal={Astronomy &amp; Astrophysics},
   publisher={EDP Sciences},
   author={Ragagnin, A. and Meneghetti, M. and Calura, F. and Despali, G. and Dolag, K. and Fischer, M. S. and Giocoli, C. and Moscardini, L.},
   year={2024},
   month=jul, pages={A270} }


@article{Vera-Rubin,
       author = {{Rubin}, Vera C. and {Ford}, Jr., W. Kent},
        title = "{Rotation of the Andromeda Nebula from a Spectroscopic Survey of Emission Regions}",
      journal = {\apj},
         year = 1970,
        month = feb,
       volume = {159},
        pages = {379},
          doi = {10.1086/150317},
       adsurl = {https://ui.adsabs.harvard.edu/abs/1970ApJ...159..379R},
      adsnote = {Provided by the SAO/NASA Astrophysics Data System}
}


@article{Zwicky-1937,
       author = {{Zwicky}, F.},
        title = "{On the Masses of Nebulae and of Clusters of Nebulae}",
      journal = {\apj},
         year = 1937,
        month = oct,
       volume = {86},
        pages = {217},
          doi = {10.1086/143864},
       adsurl = {https://ui.adsabs.harvard.edu/abs/1937ApJ....86..217Z},
      adsnote = {Provided by the SAO/NASA Astrophysics Data System}
}


@incollection{Dodelson-2021,
title = {1 - The concordance model of cosmology},
editor = {Scott Dodelson and Fabian Schmidt},
booktitle = {Modern Cosmology (Second Edition)},
publisher = {Academic Press},
edition = {Second Edition},
pages = {1-19},
year = {2021},
isbn = {978-0-12-815948-4},
doi = {https://doi.org/10.1016/B978-0-12-815948-4.00007-3},
url = {https://www.sciencedirect.com/science/article/pii/B9780128159484000073},
author = {Scott Dodelson and Fabian Schmidt},
keywords = {history of the universe, concordance cosmology, Hubble diagram, cosmic microwave background, Big Bang nucleosynthesis, power spectrum},
abstract = {We summarize the current state of observational and theoretical cosmology, epitomized by the concordance model of cosmology, in the process sketching a rough history of the universe and how we know. Three observational pillars of the concordance cosmology are: the Hubble diagram, mapping out the expansion history of the late-time universe; Big Bang Nucleosynthesis (BBN), which, combined with measurements of the primordial elemental abundances, constrains the amount of ordinary matter and early-time expansion rate; and the cosmic microwave background (CMB), which provides a view of the perturbations when the universe was less than 400,000 years old. The price of the consistent picture afforded by the concordance model of cosmology is the introduction of three ingredients beyond the Standard Model of particle physics: dark matter, dark energy, and inflation.}
}



@book{Longair,
    author = {Malcolm S. Longair},
    title = {Galaxy Formation},
    publisher = {Springer Berlin, Heidelberg},
    year = {2023},
    doi = {https://doi.org/10.1007/978-3-662-65891-8},
    isbn = {978-3-662-65890-1}
}


@book{Astrophysics-in-a-Nutshell,
       author = {{Maoz}, Dan},
        title = "{Astrophysics in a Nutshell. Second Edition}",
         year = 2016,
       adsurl = {https://ui.adsabs.harvard.edu/abs/2016anse.book.....M},
      adsnote = {Provided by the SAO/NASA Astrophysics Data System}
}


@article{new-Milky-Way-satellites,
    author = {Homma, Daisuke and Chiba, Masashi and Komiyama, Yutaka and Tanaka, Masayuki and Okamoto, Sakurako and Tanaka, Mikito and Ishigaki, Miho N and Hayashi, Kohei and Arimoto, Nobuo and Lupton, Robert H and Strauss, Michael A and Miyazaki, Satoshi and Wang, Shiang-Yu and Murayama, Hitoshi},
    title = {Final results of the search for new Milky Way satellites in the Hyper Suprime-Cam Subaru Strategic Program survey: Discovery of two more candidates},
    journal = {Publications of the Astronomical Society of Japan},
    volume = {76},
    number = {4},
    pages = {733-752},
    year = {2024},
    month = {06},
    issn = {2053-051X},
    doi = {10.1093/pasj/psae044},
    url = {https://doi.org/10.1093/pasj/psae044},
    eprint = {https://academic.oup.com/pasj/article-pdf/76/4/733/58712521/psae044.pdf},
}


@article{de_Bernardis_2000,
   title={A flat Universe from high-resolution maps of the cosmic microwave background radiation},
   volume={404},
   ISSN={1476-4687},
   url={http://dx.doi.org/10.1038/35010035},
   DOI={10.1038/35010035},
   number={6781},
   journal={Nature},
   publisher={Springer Science and Business Media LLC},
   author={de Bernardis, P. and Ade, P. A. R. and Bock, J. J. and Bond, J. R. and Borrill, J. and Boscaleri, A. and Coble, K. and Crill, B. P. and De Gasperis, G. and Farese, P. C. and Ferreira, P. G. and Ganga, K. and Giacometti, M. and Hivon, E. and Hristov, V. V. and Iacoangeli, A. and Jaffe, A. H. and Lange, A. E. and Martinis, L. and Masi, S. and Mason, P. V. and Mauskopf, P. D. and Melchiorri, A. and Miglio, L. and Montroy, T. and Netterfield, C. B. and Pascale, E. and Piacentini, F. and Pogosyan, D. and Prunet, S. and Rao, S. and Romeo, G. and Ruhl, J. E. and Scaramuzzi, F. and Sforna, D. and Vittorio, N.},
   year={2000},
   month=apr, pages={955–959}
}


@article{Riess_1998_accelerating_universe,
   title={Observational Evidence from Supernovae for an Accelerating Universe and a Cosmological Constant},
   volume={116},
   ISSN={0004-6256},
   url={http://dx.doi.org/10.1086/300499},
   DOI={10.1086/300499},
   number={3},
   journal={The Astronomical Journal},
   publisher={American Astronomical Society},
   author={Riess, Adam G. and Filippenko, Alexei V. and Challis, Peter and Clocchiatti, Alejandro and Diercks, Alan and Garnavich, Peter M. and Gilliland, Ron L. and Hogan, Craig J. and Jha, Saurabh and Kirshner, Robert P. and Leibundgut, B. and Phillips, M. M. and Reiss, David and Schmidt, Brian P. and Schommer, Robert A. and Smith, R. Chris and Spyromilio, J. and Stubbs, Christopher and Suntzeff, Nicholas B. and Tonry, John},
   year={1998},
   month=sep, pages={1009–1038}
}


@article{Empirical_proof_DM_lensing,
   title={A Direct Empirical Proof of the Existence of Dark Matter},
   volume={648},
   ISSN={1538-4357},
   url={http://dx.doi.org/10.1086/508162},
   DOI={10.1086/508162},
   number={2},
   journal={The Astrophysical Journal},
   publisher={American Astronomical Society},
   author={Clowe, Douglas and Bradač, Maruša and Gonzalez, Anthony H. and Markevitch, Maxim and Randall, Scott W. and Jones, Christine and Zaritsky, Dennis},
   year={2006},
   month=aug, pages={L109–L113}
}


@ARTICLE{Nature_dark_matter_simulation,
       author = {{Springel}, Volker and {White}, Simon D.~M. and {Jenkins}, Adrian and {Frenk}, Carlos S. and {Yoshida}, Naoki and {Gao}, Liang and {Navarro}, Julio and {Thacker}, Robert and {Croton}, Darren and {Helly}, John and {Peacock}, John A. and {Cole}, Shaun and {Thomas}, Peter and {Couchman}, Hugh and {Evrard}, August and {Colberg}, J{\"o}rg and {Pearce}, Frazer},
        title = "{Simulations of the formation, evolution and clustering of galaxies and quasars}",
      journal = {\nat},
     keywords = {Astrophysics},
         year = 2005,
        month = jun,
       volume = {435},
       number = {7042},
        pages = {629-636},
          doi = {10.1038/nature03597},
archivePrefix = {arXiv},
       eprint = {astro-ph/0504097},
 primaryClass = {astro-ph},
       adsurl = {https://ui.adsabs.harvard.edu/abs/2005Natur.435..629S},
      adsnote = {Provided by the SAO/NASA Astrophysics Data System}
}


@article{Cosmological_parameters_from_SDSS_and_WMAP,
   title={Cosmological parameters from SDSS and WMAP},
   volume={69},
   ISSN={1550-2368},
   url={http://dx.doi.org/10.1103/PhysRevD.69.103501},
   DOI={10.1103/physrevd.69.103501},
   number={10},
   journal={Physical Review D},
   publisher={American Physical Society (APS)},
   author={Tegmark, Max and Strauss, Michael A. and Blanton, Michael R. and Abazajian, Kevork and Dodelson, Scott and Sandvik, Havard and Wang, Xiaomin and Weinberg, David H. and Zehavi, Idit and Bahcall, Neta A. and Hoyle, Fiona and Schlegel, David and Scoccimarro, Roman and Vogeley, Michael S. and Berlind, Andreas and Budavari, Tamás and Connolly, Andrew and Eisenstein, Daniel J. and Finkbeiner, Douglas and Frieman, Joshua A. and Gunn, James E. and Hui, Lam and Jain, Bhuvnesh and Johnston, David and Kent, Stephen and Lin, Huan and Nakajima, Reiko and Nichol, Robert C. and Ostriker, Jeremiah P. and Pope, Adrian and Scranton, Ryan and Seljak, Uroš and Sheth, Ravi K. and Stebbins, Albert and Szalay, Alexander S. and Szapudi, István and Xu, Yongzhong and Annis, James and Brinkmann, J. and Burles, Scott and Castander, Francisco J. and Csabai, Istvan and Loveday, Jon and Doi, Mamoru and Fukugita, Masataka and Gillespie, Bruce and Hennessy, Greg and Hogg, David W. and Ivezić, Željko and Knapp, Gillian R. and Lamb, Don Q. and Lee, Brian C. and Lupton, Robert H. and McKay, Timothy A. and Kunszt, Peter and Munn, Jeffrey A. and O’Connell, Liam and Peoples, John and Pier, Jeffrey R. and Richmond, Michael and Rockosi, Constance and Schneider, Donald P. and Stoughton, Christopher and Tucker, Douglas L. and Vanden Berk, Daniel E. and Yanny, Brian and York, Donald G.},
   year={2004},
   month=may
}


@ARTICLE{X-Ray_mass_determination_M87,
       author = {{Fabricant}, D. and {Lecar}, M. and {Gorenstein}, P.},
        title = "{X-ray measurements of the mass of M 87.}",
      journal = {\apj},
     keywords = {Elliptical Galaxies, Galactic Structure, Mass Distribution, X Ray Astronomy, X Ray Sources, Brightness, Gas Temperature, Gravitational Fields, High Temperature Gases, Temperature Distribution, Astrophysics},
         year = 1980,
        month = oct,
       volume = {241},
        pages = {552-560},
          doi = {10.1086/158369},
       adsurl = {https://ui.adsabs.harvard.edu/abs/1980ApJ...241..552F},
      adsnote = {Provided by the SAO/NASA Astrophysics Data System}
}


@article{Eddington_GR,
author = {Dyson, Frank Watson  and Eddington, Arthur Stanley  and Davidson, C. },
title = {IX. A determination of the deflection of light by the sun's gravitational field, from observations made at the total eclipse of May 29, 1919},
journal = {Philosophical Transactions of the Royal Society of London. Series A, Containing Papers of a Mathematical or Physical Character},
volume = {220},
number = {571-581},
pages = {291-333},
year = {1920},
doi = {10.1098/rsta.1920.0009},
URL = {https://royalsocietypublishing.org/doi/abs/10.1098/rsta.1920.0009},
eprint = {https://royalsocietypublishing.org/doi/pdf/10.1098/rsta.1920.0009}
,
    abstract = { 1. The purpose of the expeditions was to determine what effect, if any, is produced by a gravitational field on the path of a ray of light traversing it. Apart from possible surprises, there appeared to be three alternatives, which it was especially desired to discriminate between— (1) The path is uninfluenced by gravitation. (2) The energy or mass of light is subject to gravitation in the same way as ordinary matter. If the law of gravitation is strictly the Newtonian law, this leads to an apparent displacement of a star close to the sun’s limb amounting to 0"·87 outwards. (3) The course of a, ray of light is in accordance with Einstein’s generalised relativity theory. This leads to an apparent displacement of a star at the limb amounting to 1"·75 outwards. In either of the last two cases the displacement is inversely proportional to the distance of the star from the sun’s centre, the displacement under (3) being just double the displacement under (2). }
}


@ARTICLE{DESI_DarkEnergy,
       author = {{DESI Collaboration} and {Abdul-Karim}, M. and {Aguilar}, J. and {Ahlen}, S. and {Alam}, S. and {Allen}, L. and {Allende Prieto}, C. and {Alves}, O. and {Anand}, A. and {Andrade}, U. and {Armengaud}, E. and {Aviles}, A. and {Bailey}, S. and {Baltay}, C. and {Bansal}, P. and {Bault}, A. and {Behera}, J. and {BenZvi}, S. and {Bianchi}, D. and {Blake}, C. and {Brieden}, S. and {Brodzeller}, A. and {Brooks}, D. and {Buckley-Geer}, E. and {Burtin}, E. and {Calderon}, R. and {Canning}, R. and {Carnero Rosell}, A. and {Carrilho}, P. and {Casas}, L. and {Castander}, F.~J. and {Cereskaite}, R. and {Charles}, M. and {Chaussidon}, E. and {Chaves-Montero}, J. and {Chebat}, D. and {Chen}, X. and {Claybaugh}, T. and {Cole}, S. and {Cooper}, A.~P. and {Cuceu}, A. and {Dawson}, K.~S. and {de la Macorra}, A. and {de Mattia}, A. and {Deiosso}, N. and {Della Costa}, J. and {Demina}, R. and {Dey}, A. and {Dey}, B. and {Ding}, Z. and {Doel}, P. and {Edelstein}, J. and {Eisenstein}, D.~J. and {Elbers}, W. and {Fagrelius}, P. and {Fanning}, K. and {Fern\textbackslash'andez-Garc\textbackslash'ia}, E. and {Ferraro}, S. and {Font-Ribera}, A. and {Forero-Romero}, J.~E. and {Frenk}, C.~S. and {Garcia-Quintero}, C. and {Garrison}, L.~H. and {Gazta\textbackslash\raisebox{-0.5ex}\textasciitildenaga}, E. and {Gil-Mar\textbackslash'in}, H. and {Gontcho}, S. Gontcho A and {Gonzalez}, D. and {Gonzalez-Morales}, A.~X. and {Gordon}, C. and {Green}, D. and {Gutierrez}, G. and {Guy}, J. and {Hadzhiyska}, B. and {Hahn}, C. and {He}, S. and {Herbold}, M. and {Herrera-Alcantar}, H.~K. and {Ho}, M. and {Honscheid}, K. and {Howlett}, C. and {Huterer}, D. and {Ishak}, M. and {Juneau}, S. and {Kamble}, N.~V. and {Kara\textbackslashc\{c\}ayl\{\textbackslashi\}}, N.~G. and {Kehoe}, R. and {Kent}, S. and {Kim}, A.~G. and {Kirkby}, D. and {Kisner}, T. and {Koposov}, S.~E. and {Kremin}, A. and {Krolewski}, A. and {Lahav}, O. and {Lamman}, C. and {Landriau}, M. and {Lang}, D. and {Lasker}, J. and {Le Goff}, J.~M. and {Le Guillou}, L. and {Leauthaud}, A. and {Levi}, M.~E. and {Li}, Q. and {Li}, T.~S. and {Lodha}, K. and {Lokken}, M. and {Lozano-Rodr\textbackslash'iguez}, F. and {Magneville}, C. and {Manera}, M. and {Martini}, P. and {Matthewson}, W.~L. and {Meisner}, A. and {Mena-Fern\textbackslash'andez}, J. and {Menegas}, A. and {Mergulh\textbackslash\raisebox{-0.5ex}\textasciitildeao}, T. and {Miquel}, R. and {Moustakas}, J. and {Mu\textbackslash\raisebox{-0.5ex}\textasciitildenoz-Guti\textbackslash'errez}, A. and {Mu\textbackslash\raisebox{-0.5ex}\textasciitildenoz-Santos}, D. and {Myers}, A.~D. and {Nadathur}, S. and {Naidoo}, K. and {Napolitano}, L. and {Newman}, J.~A. and {Niz}, G. and {Noriega}, H.~E. and {Paillas}, E. and {Palanque-Delabrouille}, N. and {Pan}, J. and {Peacock}, J. and {Pellejero Ibanez}, Marcos and {Percival}, W.~J. and {P\textbackslash'erez-Fern\textbackslash'andez}, A. and {P\textbackslash'erez-R\textbackslash`afols}, I. and {Pieri}, M.~M. and {Poppett}, C. and {Prada}, F. and {Rabinowitz}, D. and {Raichoor}, A. and {Ram\textbackslash'irez-P\textbackslash'erez}, C. and {Rashkovetskyi}, M. and {Ravoux}, C. and {Rich}, J. and {Rocher}, A. and {Rockosi}, C. and {Rohlf}, J. and {Rom\textbackslash'an-Herrera}, J.~O. and {Ross}, A.~J. and {Rossi}, G. and {Ruggeri}, R. and {Ruhlmann-Kleider}, V. and {Samushia}, L. and {Sanchez}, E. and {Sanders}, N. and {Schlegel}, D. and {Schubnell}, M. and {Seo}, H. and {Shafieloo}, A. and {Sharples}, R. and {Silber}, J. and {Sinigaglia}, F. and {Sprayberry}, D. and {Tan}, T. and {Tarl\textbackslash'e}, G. and {Taylor}, P. and {Turner}, W. and {Ure\textbackslash\raisebox{-0.5ex}\textasciitildena-L\textbackslash'opez}, L.~A. and {Vaisakh}, R. and {Valdes}, F. and {Valogiannis}, G. and {Vargas-Maga\textbackslash\raisebox{-0.5ex}\textasciitildena}, M. and {Verde}, L. and {Walther}, M. and {Weaver}, B.~A. and {Weinberg}, D.~H. and {White}, M. and {Wolfson}, M. and {Y\textbackslash`eche}, C. and {Yu}, J. and {Zaborowski}, E.~A. and {Zarrouk}, P. and {Zhai}, Z. and {Zhang}, H. and {Zhao}, C. and {Zhao}, G.~B. and {Zhou}, R. and {Zou}, H.},
        title = "{DESI DR2 Results II: Measurements of Baryon Acoustic Oscillations and Cosmological Constraints}",
      journal = {arXiv e-prints},
     keywords = {Cosmology and Nongalactic Astrophysics},
         year = 2025,
        month = mar,
          eid = {arXiv:2503.14738},
        pages = {arXiv:2503.14738},
          doi = {10.48550/arXiv.2503.14738},
archivePrefix = {arXiv},
       eprint = {2503.14738},
 primaryClass = {astro-ph.CO},
       adsurl = {https://ui.adsabs.harvard.edu/abs/2025arXiv250314738D},
      adsnote = {Provided by the SAO/NASA Astrophysics Data System}
}


@article{MACS_2nd_Survey,
    author = {Colless, Matthew and Dalton, Gavin and Maddox, Steve and Sutherland, Will and Norberg, Peder and Cole, Shaun and Bland-Hawthorn, Joss and Bridges, Terry and Cannon, Russell and Collins, Chris and Couch, Warrick and Cross, Nicholas and Deeley, Kathryn and de Propris, Roberto and Driver, Simon P. and Efstathiou, George and Ellis, Richard S. and Frenk, Carlos S. and Glazebrook, Karl and Jackson, Carole and Lahav, Ofer and Lewis, Ian and Lumsden, Stuart and Madgwick, Darren and Peacock, John A. and Peterson, Bruce A. and Price, Ian and Seaborne, Mark and Taylor, Keith},
    title = {The 2dF Galaxy Redshift Survey: spectra and redshifts},
    journal = {Monthly Notices of the Royal Astronomical Society},
    volume = {328},
    number = {4},
    pages = {1039-1063},
    year = {2001},
    month = {12},
    abstract = {The 2dF Galaxy Redshift Survey (2dFGRS) is designed to measure redshifts for approximately 250-000 galaxies. This paper describes the survey design, the spectroscopic observations, the redshift measurements and the survey data base. The 2dFGRS uses the 2dF multifibre spectrograph on the Anglo-Australian Telescope, which is capable of observing 400 objects simultaneously over a 2° diameter field. The source catalogue for the survey is a revised and extended version of the APM galaxy catalogue, and the targets are galaxies with extinction-corrected magnitudes brighter than . The main survey regions are two declination strips, one in the southern Galactic hemisphere spanning  around the SGP, and the other in the northern Galactic hemisphere spanning  along the celestial equator; in addition, there are 99 fields spread over the southern Galactic cap. The survey covers 2000-deg2 and has a median depth of . Adaptive tiling is used to give a highly uniform sampling rate of 93 per cent over the whole survey region. Redshifts are measured from spectra covering  at a two-pixel resolution of 9.0-Å and a median S/N of 13-pixel−1. All redshift identifications are visually checked and assigned a quality parameter Q in the range  redshifts are 98.4 per cent reliable and have an rms uncertainty of 85-km-s−1. The overall redshift completeness for  redshifts is 91.8 per cent, but this varies with magnitude from 99 per cent for the brightest galaxies to 90 per cent for objects at the survey limit. The 2dFGRS data base is available on the World Wide Web at http://www.mso.anu.edu.au/2dFGRS.},
    issn = {0035-8711},
    doi = {10.1046/j.1365-8711.2001.04902.x},
    url = {https://doi.org/10.1046/j.1365-8711.2001.04902.x},
    eprint = {https://academic.oup.com/mnras/article-pdf/328/4/1039/3780131/328-4-1039.pdf},
}


@article{CLASH:_MASS_DISTRIBUTION_IN_AND_AROUND_MACS_J1206.2-0847_FROM_A_FULL_CLUSTER_LENSING_ANALYSIS,
   title={CLASH: MASS DISTRIBUTION IN AND AROUND MACS J1206.2-0847 FROM A FULL CLUSTER LENSING ANALYSIS},
   volume={755},
   ISSN={1538-4357},
   url={http://dx.doi.org/10.1088/0004-637X/755/1/56},
   DOI={10.1088/0004-637x/755/1/56},
   number={1},
   journal={The Astrophysical Journal},
   publisher={American Astronomical Society},
   author={Umetsu, Keiichi and Medezinski, Elinor and Nonino, Mario and Merten, Julian and Zitrin, Adi and Molino, Alberto and Grillo, Claudio and Carrasco, Mauricio and Donahue, Megan and Mahdavi, Andisheh and Coe, Dan and Postman, Marc and Koekemoer, Anton and Czakon, Nicole and Sayers, Jack and Mroczkowski, Tony and Golwala, Sunil and Koch, Patrick M. and Lin, Kai-Yang and Molnar, Sandor M. and Rosati, Piero and Balestra, Italo and Mercurio, Amata and Scodeggio, Marco and Biviano, Andrea and Anguita, Timo and Infante, Leopoldo and Seidel, Gregor and Sendra, Irene and Jouvel, Stephanie and Host, Ole and Lemze, Doron and Broadhurst, Tom and Meneghetti, Massimo and Moustakas, Leonidas and Bartelmann, Matthias and Benítez, Narciso and Bouwens, Rychard and Bradley, Larry and Ford, Holland and Jiménez-Teja, Yolanda and Kelson, Daniel and Lahav, Ofer and Melchior, Peter and Moustakas, John and Ogaz, Sara and Seitz, Stella and Zheng, Wei},
   year={2012},
   month=jul, pages={56} 
}


@article{Postman_2012,
   title={THE CLUSTER LENSING AND SUPERNOVA SURVEY WITH HUBBLE: AN OVERVIEW},
   volume={199},
   ISSN={1538-4365},
   url={http://dx.doi.org/10.1088/0067-0049/199/2/25},
   DOI={10.1088/0067-0049/199/2/25},
   number={2},
   journal={The Astrophysical Journal Supplement Series},
   publisher={American Astronomical Society},
   author={Postman, Marc and Coe, Dan and Benítez, Narciso and Bradley, Larry and Broadhurst, Tom and Donahue, Megan and Ford, Holland and Graur, Or and Graves, Genevieve and Jouvel, Stephanie and Koekemoer, Anton and Lemze, Doron and Medezinski, Elinor and Molino, Alberto and Moustakas, Leonidas and Ogaz, Sara and Riess, Adam and Rodney, Steve and Rosati, Piero and Umetsu, Keiichi and Zheng, Wei and Zitrin, Adi and Bartelmann, Matthias and Bouwens, Rychard and Czakon, Nicole and Golwala, Sunil and Host, Ole and Infante, Leopoldo and Jha, Saurabh and Jimenez-Teja, Yolanda and Kelson, Daniel and Lahav, Ofer and Lazkoz, Ruth and Maoz, Dani and McCully, Curtis and Melchior, Peter and Meneghetti, Massimo and Merten, Julian and Moustakas, John and Nonino, Mario and Patel, Brandon and Regös, Enikö and Sayers, Jack and Seitz, Stella and Van der Wel, Arjen},
   year={2012},
   month=mar, pages={25} 
}


@article{Ebeling2009,
  author  = {Ebeling, Harald and Ma, Cheng-Jiun and Barrett, E. and Donovan, D. and Edge, A.~C. and van~Speybroeck, L.},
  title   = {{A Spectacular Giant Arc in the Massive Cluster Lens MACS\,J1206.2$-$0847}},
  journal = {Monthly Notices of the Royal Astronomical Society},
  year    = {2009},
  volume  = {395},
  number  = {3},
  pages   = {1213--1224},
  doi     = {10.1111/j.1365-2966.2009.14619.x}
}


@article{Rosati2014_Messenger,
  author  = {Rosati, P. and Balestra, I. and Grillo, C. and Mercurio, A. and et~al.},
  title   = {{CLASH-VLT: A VIMOS Large Programme to Map the Dark Matter Mass Distribution in Galaxy Clusters and Probe Distant Lensed Galaxies}},
  journal = {The Messenger},
  year    = {2014},
  volume  = {158},
  pages   = {48--53},
  url     = {https://www.eso.org/sci/publications/messenger/archive/no.158-dec14/messenger-no158-48-53.pdf}
}


@ARTICLE{Jaffe_profile_1983,
       author = {{Jaffe}, W.},
        title = "{A simple model for the distribution of light in spherical galaxies.}",
      journal = {\mnras},
     keywords = {Astronomical Models, Brightness Distribution, Galactic Radiation, Gravitational Fields, Light Emission, Surface Properties, Astrophysics},
         year = 1983,
        month = mar,
       volume = {202},
        pages = {995-999},
          doi = {10.1093/mnras/202.4.995},
       adsurl = {https://ui.adsabs.harvard.edu/abs/1983MNRAS.202..995J},
      adsnote = {Provided by the SAO/NASA Astrophysics Data System}
}


@article{Gonzalez_2007,
   title={A Census of Baryons in Galaxy Clusters and Groups},
   volume={666},
   ISSN={1538-4357},
   url={http://dx.doi.org/10.1086/519729},
   DOI={10.1086/519729},
   number={1},
   journal={The Astrophysical Journal},
   publisher={American Astronomical Society},
   author={Gonzalez, Anthony H. and Zaritsky, Dennis and Zabludoff, Ann I.},
   year={2007},
   month=sep, pages={147–155}
}


@ARTICLE{King_profile,
       author = {{King}, Ivan},
        title = "{The structure of star clusters. I. an empirical density law}",
      journal = {\aj},
         year = 1962,
        month = oct,
       volume = {67},
        pages = {471},
          doi = {10.1086/108756},
       adsurl = {https://ui.adsabs.harvard.edu/abs/1962AJ.....67..471K},
      adsnote = {Provided by the SAO/NASA Astrophysics Data System}
}


@article{Kravtsov_&_Borgani_2012,
   title={Formation of Galaxy Clusters},
   volume={50},
   ISSN={1545-4282},
   url={http://dx.doi.org/10.1146/annurev-astro-081811-125502},
   DOI={10.1146/annurev-astro-081811-125502},
   number={1},
   journal={Annual Review of Astronomy and Astrophysics},
   publisher={Annual Reviews},
   author={Kravtsov, Andrey V. and Borgani, Stefano},
   year={2012},
   month=sep, pages={353–409} 
}


@article{CavaliereGurskyTucker1971,
  author  = {Cavaliere, A. G. and Gursky, H. and Tucker, W. H.},
  title   = {Extragalactic X-ray Sources and Associations of Galaxies},
  journal = {Nature},
  year    = {1971},
  month   = jun,
  volume  = {231},
  number  = {5303},
  pages   = {437--438},
  doi     = {10.1038/231437a0},
  issn    = {1476-4687}
}


@ARTICLE{Forman_Kellogg_Gursky_1972,
       author = {{Forman}, W. and {Kellogg}, E. and {Gursky}, H. and {Tananbaum}, H. and {Giacconi}, R.},
        title = "{Observations of the Extended X-Ray Sources in the Perseus and Coma Clusters from UHURU}",
      journal = {\apj},
         year = 1972,
        month = dec,
       volume = {178},
        pages = {309-316},
          doi = {10.1086/151791},
       adsurl = {https://ui.adsabs.harvard.edu/abs/1972ApJ...178..309F},
      adsnote = {Provided by the SAO/NASA Astrophysics Data System}
}


@ARTICLE{SZ_effect,
       author = {{Sunyaev}, R.~A. and {Zeldovich}, Ia. B.},
        title = "{Microwave background radiation as a probe of the contemporary structure and history of the universe}",
      journal = {\araa},
     keywords = {Background Radiation, Cosmology, Microwaves, Relic Radiation, Universe, Big Bang Cosmology, Compton Effect, Cosmic Gases, Energy Transfer, Galactic Clusters, Intergalactic Media, Microwave Spectra, Astrophysics},
         year = 1980,
        month = jan,
       volume = {18},
        pages = {537-560},
          doi = {10.1146/annurev.aa.18.090180.002541},
       adsurl = {https://ui.adsabs.harvard.edu/abs/1980ARA&A..18..537S},
      adsnote = {Provided by the SAO/NASA Astrophysics Data System}
}


@ARTICLE{The_Velocity_Distribution_of_Galaxies_in_Clusters_1977,
       author = {{Yahil}, A. and {Vidal}, N.~V.},
        title = "{The Velocity Distribution of Galaxies in Clusters}",
      journal = {\apj},
         year = 1977,
        month = jun,
       volume = {214},
        pages = {347-350},
          doi = {10.1086/155257},
       adsurl = {https://ui.adsabs.harvard.edu/abs/1977ApJ...214..347Y},
      adsnote = {Provided by the SAO/NASA Astrophysics Data System}
}


@article{SIDM_2000_Spergerl,
  title = {Observational Evidence for Self-Interacting Cold Dark Matter},
  author = {Spergel, David N. and Steinhardt, Paul J.},
  journal = {Phys. Rev. Lett.},
  volume = {84},
  issue = {17},
  pages = {3760--3763},
  numpages = {0},
  year = {2000},
  month = {Apr},
  publisher = {American Physical Society},
  doi = {10.1103/PhysRevLett.84.3760},
  url = {https://link.aps.org/doi/10.1103/PhysRevLett.84.3760}
}


@article{SIDM_cross_section_upper_limit,
	author = {{Eckert, D.} and {Ettori, S.} and {Robertson, A.} and {Massey, R.} and {Pointecouteau, E.} and {Harvey, D.} and {McCarthy, I. G.}},
	title = {Constraints on dark matter self-interaction from the internal density profiles of X-COP galaxy clusters},
	DOI= "10.1051/0004-6361/202243205",
	url= "https://doi.org/10.1051/0004-6361/202243205",
	journal = {A&A},
	year = 2022,
	volume = 666,
	pages = "A41",
}


@article{Stellar_mass–halo_mass_relation_for_the_brightest_central_galaxies_of_X-ray_clusters_since_z_0.65,
	author = {{Erfanianfar, G.} and {Finoguenov, A.} and {Furnell, K.} and {Popesso, P.} and {Biviano, A.} and {Wuyts, S.} and {Collins, C. A.} and {Mirkazemi, M.} and {Comparat, J.} and {Khosroshahi, H.} and {Nandra, K.} and {Capasso, R.} and {Rykoff, E.} and {Wilman, D.} and {Merloni, A.} and {Clerc, N.} and {Salvato, M.} and {Chitham, J. I.} and {Kelvin, L. S.} and {Gozaliasl, G.} and {Weijmans, A.} and {Brownstein, J.} and {Egami, E.} and {Pereira, M. J.} and {Schneider, D. P.} and {Kirkpatrick, C.} and {Damsted, S.} and {Kukkola, A.}},
	title = {Stellar mass–halo mass relation for the brightest central galaxies of X-ray clusters since z∼0.65},
	DOI= "10.1051/0004-6361/201935375",
	url= "https://doi.org/10.1051/0004-6361/201935375",
	journal = {A&A},
	year = 2019,
	volume = 631,
	pages = "A175",
}


@ARTICLE{BCG_Cannibalism_Ostriker_&_Hausman_1977,
       author = {{Ostriker}, J.~P. and {Hausman}, M.~A.},
        title = "{Cannibalism among the galaxies: dynamically produced evolution of cluster luminosity functions.}",
      journal = {\apjl},
     keywords = {Galactic Clusters, Galactic Evolution, Luminous Intensity, Computerized Simulation, Galactic Radiation, Gravitational Effects, Monte Carlo Method, Astrophysics},
         year = 1977,
        month = nov,
       volume = {217},
        pages = {L125-L129},
          doi = {10.1086/182554},
       adsurl = {https://ui.adsabs.harvard.edu/abs/1977ApJ...217L.125O},
      adsnote = {Provided by the SAO/NASA Astrophysics Data System}
}


@ARTICLE{Cooling_flow_Cowie_&_Binney_1977,
       author = {{Cowie}, L.~L. and {Binney}, J.},
        title = "{Radiative regulation of gas flow within clusters of galaxies: a model for cluster X-ray sources.}",
      journal = {\apj},
     keywords = {Galactic Clusters, Gas Flow, Intergalactic Media, X Ray Sources, Astronomical Models, Conductive Heat Transfer, Emission Spectra, Galactic Evolution, Spectral Line Width, Astrophysics},
         year = 1977,
        month = aug,
       volume = {215},
        pages = {723-732},
          doi = {10.1086/155406},
       adsurl = {https://ui.adsabs.harvard.edu/abs/1977ApJ...215..723C},
      adsnote = {Provided by the SAO/NASA Astrophysics Data System}
}


@misc{langlois2018degeneratehigherorderscalartensordhost,
      title={Degenerate Higher-Order Scalar-Tensor (DHOST) theories}, 
      author={David Langlois},
      year={2018},
      eprint={1707.03625},
      archivePrefix={arXiv},
      primaryClass={gr-qc},
      url={https://arxiv.org/abs/1707.03625}, 
}


@ARTICLE{de_Vaucouleurs_1948,
       author = {{de Vaucouleurs}, Gerard},
        title = "{Recherches sur les Nebuleuses Extragalactiques}",
      journal = {Annales d'Astrophysique},
         year = 1948,
        month = jan,
       volume = {11},
        pages = {247},
       adsurl = {https://ui.adsabs.harvard.edu/abs/1948AnAp...11..247D},
      adsnote = {Provided by the SAO/NASA Astrophysics Data System}
}


@ARTICLE{Sersic_model_1963,
       author = {{S{\'e}rsic}, J.~L.},
        title = "{Influence of the atmospheric and instrumental dispersion on the brightness distribution in a galaxy}",
      journal = {Boletin de la Asociacion Argentina de Astronomia La Plata Argentina},
         year = 1963,
        month = feb,
       volume = {6},
        pages = {41-43},
       adsurl = {https://ui.adsabs.harvard.edu/abs/1963BAAA....6...41S},
      adsnote = {Provided by the SAO/NASA Astrophysics Data System}
}


@article{Mamon_2019,
   title={Structural and dynamical modeling of WINGS clusters: II. The orbital anisotropies of elliptical, spiral, and lenticular galaxies},
   volume={631},
   ISSN={1432-0746},
   url={http://dx.doi.org/10.1051/0004-6361/201935081},
   DOI={10.1051/0004-6361/201935081},
   journal={Astronomy &amp; Astrophysics},
   publisher={EDP Sciences},
   author={Mamon, G. A. and Cava, A. and Biviano, A. and Moretti, A. and Poggianti, B. and Bettoni, D.},
   year={2019},
   month=nov, pages={A131}
}


@article{Umetsu2016,
   title={CLASH: JOINT ANALYSIS OF STRONG-LENSING, WEAK-LENSING SHEAR, AND MAGNIFICATION DATA FOR 20 GALAXY CLUSTERS*},
   volume={821},
   ISSN={1538-4357},
   url={http://dx.doi.org/10.3847/0004-637X/821/2/116},
   DOI={10.3847/0004-637x/821/2/116},
   number={2},
   journal={The Astrophysical Journal},
   publisher={American Astronomical Society},
   author={Umetsu, Keiichi and Zitrin, Adi and Gruen, Daniel and Merten, Julian and Donahue, Megan and Postman, Marc},
   year={2016},
   month=apr, pages={116} 
}


@article{Newman_2013,
   title={THE DENSITY PROFILES OF MASSIVE, RELAXED GALAXY CLUSTERS. II. SEPARATING LUMINOUS AND DARK MATTER IN CLUSTER CORES},
   volume={765},
   ISSN={1538-4357},
   url={http://dx.doi.org/10.1088/0004-637X/765/1/25},
   DOI={10.1088/0004-637x/765/1/25},
   number={1},
   journal={The Astrophysical Journal},
   publisher={American Astronomical Society},
   author={Newman, Andrew B. and Treu, Tommaso and Ellis, Richard S. and Sand, David J.},
   year={2013},
   month=feb, pages={25} 
}


@article{2025,
   title={Euclid: I. Overview of the Euclid mission},
   volume={697},
   ISSN={1432-0746},
   url={http://dx.doi.org/10.1051/0004-6361/202450810},
   DOI={10.1051/0004-6361/202450810},
   journal={Astronomy &amp; Astrophysics},
   publisher={EDP Sciences},
   author={Mellier, Y. and Abdurro’uf and Acevedo Barroso, J. A. and Achúcarro, A. and Adamek, J. and Adam, R. and Addison, G. E. and Aghanim, N. and Aguena, M. and Ajani, V. and Akrami, Y. and Al-Bahlawan, A. and Alavi, A. and Albuquerque, I. S. and Alestas, G. and Alguero, G. and Allaoui, A. and Allen, S. W. and Allevato, V. and Alonso-Tetilla, A. V. and Altieri, B. and Alvarez-Candal, A. and Alvi, S. and Amara, A. and Amendola, L. and Amiaux, J. and Andika, I. T. and Andreon, S. and Andrews, A. and Angora, G. and Angulo, R. E. and Annibali, F. and Anselmi, A. and Anselmi, S. and Arcari, S. and Archidiacono, M. and Aricò, G. and Arnaud, M. and Arnouts, S. and Asgari, M. and Asorey, J. and Atayde, L. and Atek, H. and Atrio-Barandela, F. and Aubert, M. and Aubourg, E. and Auphan, T. and Auricchio, N. and Aussel, B. and Aussel, H. and Avelino, P. P. and Avgoustidis, A. and Avila, S. and Awan, S. and Azzollini, R. and Baccigalupi, C. and Bachelet, E. and Bacon, D. and Baes, M. and Bagley, M. B. and Bahr-Kalus, B. and Balaguera-Antolinez, A. and Balbinot, E. and Balcells, M. and Baldi, M. and Baldry, I. and Balestra, A. and Ballardini, M. and Ballester, O. and Balogh, M. and Bañados, E. and Barbier, R. and Bardelli, S. and Baron, M. and Barreiro, T. and Barrena, R. and Barriere, J.-C. and Barros, B. J. and Barthelemy, A. and Bartolo, N. and Basset, A. and Battaglia, P. and Battisti, A. J. and Baugh, C. M. and Baumont, L. and Bazzanini, L. and Beaulieu, J.-P. and Beckmann, V. and Belikov, A. N. and Bel, J. and Bellagamba, F. and Bella, M. and Bellini, E. and Benabed, K. and Bender, R. and Benevento, G. and Bennett, C. L. and Benson, K. and Bergamini, P. and Bermejo-Climent, J. R. and Bernardeau, F. and Bertacca, D. and Berthe, M. and Berthier, J. and Bethermin, M. and Beutler, F. and Bevillon, C. and Bhargava, S. and Bhatawdekar, R. and Bianchi, D. and Bisigello, L. and Biviano, A. and Blake, R. P. and Blanchard, A. and Blazek, J. and Blot, L. and Bosco, A. and Bodendorf, C. and Boenke, T. and Böhringer, H. and Boldrini, P. and Bolzonella, M. and Bonchi, A. and Bonici, M. and Bonino, D. and Bonino, L. and Bonvin, C. and Bon, W. and Booth, J. T. and Borgani, S. and Borlaff, A. S. and Borsato, E. and Bosco, A. and Bose, B. and Botticella, M. T. and Boucaud, A. and Bouche, F. and Boucher, J. S. and Boutigny, D. and Bouvard, T. and Bouwens, R. and Bouy, H. and Bowler, R. A. A. and Bozza, V. and Bozzo, E. and Branchini, E. and Brando, G. and Brau-Nogue, S. and Brekke, P. and Bremer, M. N. and Brescia, M. and Breton, M.-A. and Brinchmann, J. and Brinckmann, T. and Brockley-Blatt, C. and Brodwin, M. and Brouard, L. and Brown, M. L. and Bruton, S. and Bucko, J. and Buddelmeijer, H. and Buenadicha, G. and Buitrago, F. and Burger, P. and Burigana, C. and Busillo, V. and Busonero, D. and Cabanac, R. and Cabayol-Garcia, L. and Cagliari, M. S. and Caillat, A. and Caillat, L. and Calabrese, M. and Calabro, A. and Calderone, G. and Calura, F. and Camacho Quevedo, B. and Camera, S. and Campos, L. and Cañas-Herrera, G. and Candini, G. P. and Cantiello, M. and Capobianco, V. and Cappellaro, E. and Cappelluti, N. and Cappi, A. and Caputi, K. I. and Cara, C. and Carbone, C. and Cardone, V. F. and Carella, E. and Carlberg, R. G. and Carle, M. and Carminati, L. and Caro, F. and Carrasco, J. M. and Carretero, J. and Carrilho, P. and Carron Duque, J. and Carry, B. and Carvalho, A. and Carvalho, C. S. and Casas, R. and Casas, S. and Casenove, P. and Casey, C. M. and Cassata, P. and Castander, F. J. and Castelao, D. and Castellano, M. and Castiblanco, L. and Castignani, G. and Castro, T. and Cavet, C. and Cavuoti, S. and Chabaud, P.-Y. and Chambers, K. C. and Charles, Y. and Charlot, S. and Chartab, N. and Chary, R. and Chaumeil, F. and Cho, H. and Chon, G. and Ciancetta, E. and Ciliegi, P. and Cimatti, A. and Cimino, M. and Cioni, M.-R. L. and Claydon, R. and Cleland, C. and Clément, B. and Clements, D. L. and Clerc, N. and Clesse, S. and Codis, S. and Cogato, F. and Colbert, J. and Cole, R. E. and Coles, P. and Collett, T. E. and Collins, R. S. and Colodro-Conde, C. and Colombo, C. and Combes, F. and Conforti, V. and Congedo, G. and Conseil, S. and Conselice, C. J. and Contarini, S. and Contini, T. and Conversi, L. and Cooray, A. R. and Copin, Y. and Corasaniti, P.-S. and Corcho-Caballero, P. and Corcione, L. and Cordes, O. and Corpace, O. and Correnti, M. and Costanzi, M. and Costille, A. and Courbin, F. and Courcoult Mifsud, L. and Courtois, H. M. and Cousinou, M.-C. and Covone, G. and Cowell, T. and Cragg, C. and Cresci, G. and Cristiani, S. and Crocce, M. and Cropper, M. and Crouzet, P. E. and Csizi, B. and Cuby, J.-G. and Cucchetti, E. and Cucciati, O. and Cuillandre, J.-C. and Cunha, P. A. C. and Cuozzo, V. and Daddi, E. and D’Addona, M. and Dafonte, C. and Dagoneau, N. and Dalessandro, E. and Dalton, G. B. and D’Amico, G. and Dannerbauer, H. and Danto, P. and Das, I. and Da Silva, A. and da Silva, R. and d’Assignies Doumerg, W. and Daste, G. and Davies, J. E. and Davini, S. and Dayal, P. and de Boer, T. and Decarli, R. and De Caro, B. and Degaudenzi, H. and Degni, G. and de Jong, J. T. A. and de la Bella, L. F. and de la Torre, S. and Delhaise, F. and Delley, D. and Delucchi, G. and De Lucia, G. and Denniston, J. and De Paolis, F. and De Petris, M. and Derosa, A. and Desai, S. and Desjacques, V. and Despali, G. and Desprez, G. and De Vicente-Albendea, J. and Deville, Y. and Dias, J. D. F. and Díaz-Sánchez, A. and Diaz, J. J. and Di Domizio, S. and Diego, J. M. and Di Ferdinando, D. and Di Giorgio, A. M. and Dimauro, P. and Dinis, J. and Dolag, K. and Dolding, C. and Dole, H. and Domínguez Sánchez, H. and Doré, O. and Dournac, F. and Douspis, M. and Dreihahn, H. and Droge, B. and Dryer, B. and Dubath, F. and Duc, P.-A. and Ducret, F. and Duffy, C. and Dufresne, F. and Duncan, C. A. J. and Dupac, X. and Duret, V. and Durrer, R. and Durret, F. and Dusini, S. and Ealet, A. and Eggemeier, A. and Eisenhardt, P. R. M. and Elbaz, D. and Elkhashab, M. Y. and Ellien, A. and Endicott, J. and Enia, A. and Erben, T. and Escartin Vigo, J. A. and Escoffier, S. and Escudero Sanz, I. and Essert, J. and Ettori, S. and Ezziati, M. and Fabbian, G. and Fabricius, M. and Fang, Y. and Farina, A. and Farina, M. and Farinelli, R. and Farrens, S. and Faustini, F. and Feltre, A. and Ferguson, A. M. N. and Ferrando, P. and Ferrari, A. G. and Ferré-Mateu, A. and Ferreira, P. G. and Ferreras, I. and Ferrero, I. and Ferriol, S. and Ferruit, P. and Filleul, D. and Finelli, F. and Finkelstein, S. L. and Finoguenov, A. and Fiorini, B. and Flentge, F. and Focardi, P. and Fonseca, J. and Fontana, A. and Fontanot, F. and Fornari, F. and Fosalba, P. and Fossati, M. and Fotopoulou, S. and Fouchez, D. and Fourmanoit, N. and Frailis, M. and Fraix-Burnet, D. and Franceschi, E. and Franco, A. and Franzetti, P. and Freihoefer, J. and Frenk, C. S. and Frittoli, G. and Frugier, P.-A. and Frusciante, N. and Fumagalli, A. and Fumagalli, M. and Fumana, M. and Fu, Y. and Gabarra, L. and Galeotta, S. and Galluccio, L. and Ganga, K. and Gao, H. and García-Bellido, J. and Garcia, K. and Gardner, J. P. and Garilli, B. and Gaspar-Venancio, L.-M. and Gasparetto, T. and Gautard, V. and Gavazzi, R. and Gaztanaga, E. and Genolet, L. and Genova Santos, R. and Gentile, F. and George, K. and Gerbino, M. and Ghaffari, Z. and Giacomini, F. and Gianotti, F. and Gibb, G. P. S. and Gillard, W. and Gillis, B. and Ginolfi, M. and Giocoli, C. and Girardi, M. and Giri, S. K. and Goh, L. W. K. and Gómez-Alvarez, P. and Gonzalez-Perez, V. and Gonzalez, A. H. and Gonzalez, E. J. and Gonzalez, J. C. and Gouyou Beauchamps, S. and Gozaliasl, G. and Gracia-Carpio, J. and Grandis, S. and Granett, B. R. and Granvik, M. and Grazian, A. and Gregorio, A. and Grenet, C. and Grillo, C. and Grupp, F. and Gruppioni, C. and Gruppuso, A. and Guerbuez, C. and Guerrini, S. and Guidi, M. and Guillard, P. and Gutierrez, C. M. and Guttridge, P. and Guzzo, L. and Gwyn, S. and Haapala, J. and Haase, J. and Haddow, C. R. and Hailey, M. and Hall, A. and Hall, D. and Hamaus, N. and Haridasu, B. S. and Harnois-Déraps, J. and Harper, C. and Hartley, W. G. and Hasinger, G. and Hassani, F. and Hatch, N. A. and Haugan, S. V. H. and Häußler, B. and Heavens, A. and Heisenberg, L. and Helmi, A. and Helou, G. and Hemmati, S. and Henares, K. and Herent, O. and Hernández-Monteagudo, C. and Heuberger, T. and Hewett, P. C. and Heydenreich, S. and Hildebrandt, H. and Hirschmann, M. and Hjorth, J. and Hoar, J. and Hoekstra, H. and Holland, A. D. and Holliman, M. S. and Holmes, W. and Hook, I. and Horeau, B. and Hormuth, F. and Hornstrup, A. and Hosseini, S. and Hu, D. and Hudelot, P. and Hudson, M. J. and Huertas-Company, M. and Huff, E. M. and Hughes, A. C. N. and Humphrey, A. and Hunt, L. K. and Huynh, D. D. and Ibata, R. and Ichikawa, K. and Iglesias-Groth, S. and Ilbert, O. and Ilić, S. and Ingoglia, L. and Iodice, E. and Israel, H. and Israelsson, U. E. and Izzo, L. and Jablonka, P. and Jackson, N. and Jacobson, J. and Jafariyazani, M. and Jahnke, K. and Jain, B. and Jansen, H. and Jarvis, M. J. and Jasche, J. and Jauzac, M. and Jeffrey, N. and Jhabvala, M. and Jimenez-Teja, Y. and Jimenez Muñoz, A. and Joachimi, B. and Johansson, P. H. and Joudaki, S. and Jullo, E. and Kajava, J. J. E. and Kang, Y. and Kannawadi, A. and Kansal, V. and Karagiannis, D. and Kärcher, M. and Kashlinsky, A. and Kazandjian, M. V. and Keck, F. and Keihänen, E. and Kerins, E. and Kermiche, S. and Khalil, A. and Kiessling, A. and Kiiveri, K. and Kilbinger, M. and Kim, J. and King, R. and Kirkpatrick, C. C. and Kitching, T. and Kluge, M. and Knabenhans, M. and Knapen, J. H. and Knebe, A. and Kneib, J.-P. and Kohley, R. and Koopmans, L. V. E. and Koskinen, H. and Koulouridis, E. and Kou, R. and Kovács, A. and Kovačić, I. and Kowalczyk, A. and Koyama, K. and Kraljic, K. and Krause, O. and Kruk, S. and Kubik, B. and Kuchner, U. and Kuijken, K. and Kümmel, M. and Kunz, M. and Kurki-Suonio, H. and Lacasa, F. and Lacey, C. G. and La Franca, F. and Lagarde, N. and Lahav, O. and Laigle, C. and La Marca, A. and La Marle, O. and Lamine, B. and Lam, M. C. and Lançon, A. and Landt, H. and Langer, M. and Lapi, A. and Larcheveque, C. and Larsen, S. S. and Lattanzi, M. and Laudisio, F. and Laugier, D. and Laureijs, R. and Laurent, V. and Lavaux, G. and Lawrenson, A. and Lazanu, A. and Lazeyras, T. and Le Boulc’h, Q. and Le Brun, A. M. C. and Le Brun, V. and Leclercq, F. and Lee, S. and Le Graet, J. and Legrand, L. and Leirvik, K. N. and Le Jeune, M. and Lembo, M. and Le Mignant, D. and Lepinzan, M. D. and Lepori, F. and Le Reun, A. and Leroy, G. and Lesci, G. F. and Lesgourgues, J. and Leuzzi, L. and Levi, M. E. and Liaudat, T. I. and Libet, G. and Liebing, P. and Ligori, S. and Lilje, P. B. and Lin, C.-C. and Linde, D. and Linder, E. and Lindholm, V. and Linke, L. and Li, S.-S. and Liu, S. J. and Lloro, I. and Lobo, F. S. N. and Lodieu, N. and Lombardi, M. and Lombriser, L. and Lonare, P. and Longo, G. and López-Caniego, M. and Lopez Lopez, X. and Lorenzo Alvarez, J. and Loureiro, A. and Loveday, J. and Lusso, E. and Macias-Perez, J. and Maciaszek, T. and Maggio, G. and Magliocchetti, M. and Magnard, F. and Magnier, E. A. and Magro, A. and Mahler, G. and Mainetti, G. and Maino, D. and Maiorano, E. and Maiorano, E. and Malavasi, N. and Mamon, G. A. and Mancini, C. and Mandelbaum, R. and Manera, M. and Manjón-García, A. and Mannucci, F. and Mansutti, O. and Manteiga Outeiro, M. and Maoli, R. and Maraston, C. and Marcin, S. and Marcos-Arenal, P. and Margalef-Bentabol, B. and Marggraf, O. and Marinucci, D. and Marinucci, M. and Markovic, K. and Marleau, F. R. and Marpaud, J. and Martignac, J. and Martín-Fleitas, J. and Martin-Moruno, P. and Martin, E. L. and Martinelli, M. and Martinet, N. and Martin, H. and Martins, C. J. A. P. and Marulli, F. and Massari, D. and Massey, R. and Masters, D. C. and Matarrese, S. and Matsuoka, Y. and Matthew, S. and Maughan, B. J. and Mauri, N. and Maurin, L. and Maurogordato, S. and McCarthy, K. and McConnachie, A. W. and McCracken, H. J. and McDonald, I. and McEwen, J. D. and McPartland, C. J. R. and Medinaceli, E. and Mehta, V. and Mei, S. and Melchior, M. and Melin, J.-B. and Ménard, B. and Mendes, J. and Mendez-Abreu, J. and Meneghetti, M. and Mercurio, A. and Merlin, E. and Metcalf, R. B. and Meylan, G. and Migliaccio, M. and Mignoli, M. and Miller, L. and Miluzio, M. and Milvang-Jensen, B. and Mimoso, J. P. and Miquel, R. and Miyatake, H. and Mobasher, B. and Mohr, J. J. and Monaco, P. and Monguió, M. and Montoro, A. and Mora, A. and Moradinezhad Dizgah, A. and Moresco, M. and Moretti, C. and Morgante, G. and Morisset, N. and Moriya, T. J. and Morris, P. W. and Mortlock, D. J. and Moscardini, L. and Mota, D. F. and Mottet, S. and Moustakas, L. A. and Moutard, T. and Müller, T. and Munari, E. and Murphree, G. and Murray, C. and Murray, N. and Musi, P. and Nadathur, S. and Nagam, B. C. and Nagao, T. and Naidoo, K. and Nakajima, R. and Nally, C. and Natoli, P. and Navarro-Alsina, A. and Navarro Girones, D. and Neissner, C. and Nersesian, A. and Nesseris, S. and Nguyen-Kim, H. N. and Nicastro, L. and Nichol, R. C. and Nielbock, M. and Niemi, S.-M. and Nieto, S. and Nilsson, K. and Noller, J. and Norberg, P. and Nouri-Zonoz, A. and Ntelis, P. and Nucita, A. A. and Nugent, P. and Nunes, N. J. and Nutma, T. and Ocampo, I. and Odier, J. and Oesch, P. A. and Oguri, M. and Magalhaes Oliveira, D. and Onoue, M. and Oosterbroek, T. and Oppizzi, F. and Ordenovic, C. and Osato, K. and Pacaud, F. and Pace, F. and Padilla, C. and Paech, K. and Pagano, L. and Page, M. J. and Palazzi, E. and Paltani, S. and Pamuk, S. and Pandolfi, S. and Paoletti, D. and Paolillo, M. and Papaderos, P. and Pardede, K. and Parimbelli, G. and Parmar, A. and Partmann, C. and Pasian, F. and Passalacqua, F. and Paterson, K. and Patrizii, L. and Pattison, C. and Paulino-Afonso, A. and Paviot, R. and Peacock, J. A. and Pearce, F. R. and Pedersen, K. and Peel, A. and Peletier, R. F. and Pellejero Ibanez, M. and Pello, R. and Penny, M. T. and Percival, W. J. and Perez-Garrido, A. and Perotto, L. and Pettorino, V. and Pezzotta, A. and Pezzuto, S. and Philippon, A. and Pierre, M. and Piersanti, O. and Pietroni, M. and Piga, L. and Pilo, L. and Pires, S. and Pisani, A. and Pizzella, A. and Pizzuti, L. and Plana, C. and Polenta, G. and Pollack, J. E. and Poncet, M. and Pöntinen, M. and Pool, P. and Popa, L. A. and Popa, V. and Popp, J. and Porciani, C. and Porth, L. and Potter, D. and Poulain, M. and Pourtsidou, A. and Pozzetti, L. and Prandoni, I. and Pratt, G. W. and Prezelus, S. and Prieto, E. and Pugno, A. and Quai, S. and Quilley, L. and Racca, G. D. and Raccanelli, A. and Rácz, G. and Radinović, S. and Radovich, M. and Ragagnin, A. and Ragnit, U. and Raison, F. and Ramos-Chernenko, N. and Ranc, C. and Rasera, Y. and Raylet, N. and Rebolo, R. and Refregier, A. and Reimberg, P. and Reiprich, T. H. and Renk, F. and Renzi, A. and Retre, J. and Revaz, Y. and Reylé, C. and Reynolds, L. and Rhodes, J. and Ricci, F. and Ricci, M. and Riccio, G. and Ricken, S. O. and Rissanen, S. and Risso, I. and Rix, H.-W. and Robin, A. C. and Rocca-Volmerange, B. and Rocci, P.-F. and Rodenhuis, M. and Rodighiero, G. and Rodriguez Monroy, M. and Rollins, R. P. and Romanello, M. and Roman, J. and Romelli, E. and Romero-Gomez, M. and Roncarelli, M. and Rosati, P. and Rosset, C. and Rossetti, E. and Roster, W. and Rottgering, H. J. A. and Rozas-Fernández, A. and Ruane, K. and Rubino-Martin, J. A. and Rudolph, A. and Ruppin, F. and Rusholme, B. and Sacquegna, S. and Sáez-Casares, I. and Saga, S. and Saglia, R. and Sahlén, M. and Saifollahi, T. and Sakr, Z. and Salvalaggio, J. and Salvaterra, R. and Salvati, L. and Salvato, M. and Salvignol, J.-C. and Sánchez, A. G. and Sanchez, E. and Sanders, D. B. and Sapone, D. and Saponara, M. and Sarpa, E. and Sarron, F. and Sartori, S. and Sartoris, B. and Sassolas, B. and Sauniere, L. and Sauvage, M. and Sawicki, M. and Scaramella, R. and Scarlata, C. and Scharré, L. and Schaye, J. and Schewtschenko, J. A. and Schindler, J.-T. and Schinnerer, E. and Schirmer, M. and Schmidt, F. and Schmidt, F. and Schmidt, M. and Schneider, A. and Schneider, M. and Schneider, P. and Schöneberg, N. and Schrabback, T. and Schultheis, M. and Schulz, S. and Schuster, N. and Schwartz, J. and Sciotti, D. and Scodeggio, M. and Scognamiglio, D. and Scott, D. and Scottez, V. and Secroun, A. and Sefusatti, E. and Seidel, G. and Seiffert, M. and Sellentin, E. and Selwood, M. and Semboloni, E. and Sereno, M. and Serjeant, S. and Serrano, S. and Setnikar, G. and Shankar, F. and Sharples, R. M. and Short, A. and Shulevski, A. and Shuntov, M. and Sias, M. and Sikkema, G. and Silvestri, A. and Simon, P. and Sirignano, C. and Sirri, G. and Skottfelt, J. and Slezak, E. and Sluse, D. and Smith, G. P. and Smith, L. C. and Smith, R. E. and Smit, S. J. A. and Soldano, F. and Solheim, B. G. B. and Sorce, J. G. and Sorrenti, F. and Soubrie, E. and Spinoglio, L. and Spurio Mancini, A. and Stadel, J. and Stagnaro, L. and Stanco, L. and Stanford, S. A. and Starck, J.-L. and Stassi, P. and Steinwagner, J. and Stern, D. and Stone, C. and Strada, P. and Strafella, F. and Stramaccioni, D. and Surace, C. and Sureau, F. and Suyu, S. H. and Swindells, I. and Szafraniec, M. and Szapudi, I. and Taamoli, S. and Talia, M. and Tallada-Crespí, P. and Tanidis, K. and Tao, C. and Tarrío, P. and Tavagnacco, D. and Taylor, A. N. and Taylor, J. E. and Taylor, P. L. and Teixeira, E. M. and Tenti, M. and Teodoro Idiago, P. and Teplitz, H. I. and Tereno, I. and Tessore, N. and Testa, V. and Testera, G. and Tewes, M. and Teyssier, R. and Theret, N. and Thizy, C. and Thomas, P. D. and Toba, Y. and Toft, S. and Toledo-Moreo, R. and Tolstoy, E. and Tommasi, E. and Torbaniuk, O. and Torradeflot, F. and Tortora, C. and Tosi, S. and Tosti, S. and Trifoglio, M. and Troja, A. and Trombetti, T. and Tronconi, A. and Tsedrik, M. and Tsyganov, A. and Tucci, M. and Tutusaus, I. and Uhlemann, C. and Ulivi, L. and Urbano, M. and Vacher, L. and Vaillon, L. and Valageas, P. and Valdes, I. and Valentijn, E. A. and Valenziano, L. and Valieri, C. and Valiviita, J. and Van den Broeck, M. and Vassallo, T. and Vavrek, R. and Vega-Ferrero, J. and Venemans, B. and Venhola, A. and Ventura, S. and Verdoes Kleijn, G. and Vergani, D. and Verma, A. and Vernizzi, F. and Veropalumbo, A. and Verza, G. and Vescovi, C. and Vibert, D. and Viel, M. and Vielzeuf, P. and Viglione, C. and Viitanen, A. and Villaescusa-Navarro, F. and Vinciguerra, S. and Visticot, F. and Voggel, K. and von Wietersheim-Kramsta, M. and Vriend, W. J. and Wachter, S. and Walmsley, M. and Walth, G. and Walton, D. M. and Walton, N. A. and Wander, M. and Wang, L. and Wang, Y. and Weaver, J. R. and Weller, J. and Wetzstein, M. and Whalen, D. J. and Whittam, I. H. and Widmer, A. and Wiesmann, M. and Wilde, J. and Williams, O. R. and Winther, H.-A. and Wittje, A. and Wong, J. H. W. and Wright, A. H. and Yankelevich, V. and Yeung, H. W. and Yoon, M. and Youles, S. and Yung, L. Y. A. and Zacchei, A. and Zalesky, L. and Zamorani, G. and Zamorano Vitorelli, A. and Zanoni Marc, M. and Zennaro, M. and Zerbi, F. M. and Zinchenko, I. A. and Zoubian, J. and Zucca, E. and Zumalacarregui, M.},
   year={2025},
   month=apr, pages={A1} }


% -------------- IMMAGINI ----------------

@article{Einstein_ring_Euclid_image,
	author = {{O’Riordan, C. M.} and {Oldham, L. J.} and {Nersesian, A.} and {Li, T.} and {Collett, T. E.} and {Sluse, D.} and {Altieri, B.} and {Clément, B.} and {Vasan, K. G. C.} and {Rhoades, S.} and {Chen, Y.} and {Jones, T.} and {Adami, C.} and {Gavazzi, R.} and {Vegetti, S.} and {Powell, D. M.} and {Acevedo Barroso, J. A.} and {Andika, I. T.} and {Bhatawdekar, R.} and {Cooray, A. R.} and {Despali, G.} and {Diego, J. M.} and {Ecker, L. R.} and {Galan, A.} and {Gómez-Alvarez, P.} and {Leuzzi, L.} and {Meneghetti, M.} and {Metcalf, R. B.} and {Schirmer, M.} and {Serjeant, S.} and {Tortora, C.} and {Vaccari, M.} and {Vernardos, G.} and {Walmsley, M.} and {Amara, A.} and {Andreon, S.} and {Auricchio, N.} and {Aussel, H.} and {Baccigalupi, C.} and {Baldi, M.} and {Balestra, A.} and {Bardelli, S.} and {Basset, A.} and {Battaglia, P.} and {Bender, R.} and {Bonino, D.} and {Branchini, E.} and {Brescia, M.} and {Brinchmann, J.} and {Caillat, A.} and {Camera, S.} and {Capobianco, V.} and {Carbone, C.} and {Carretero, J.} and {Casas, S.} and {Castander, F. J.} and {Castellano, M.} and {Castignani, G.} and {Cavuoti, S.} and {Cimatti, A.} and {Colodro-Conde, C.} and {Congedo, G.} and {Conselice, C. J.} and {Conversi, L.} and {Copin, Y.} and {Corcione, L.} and {Courbin, F.} and {Courtois, H. M.} and {Cropper, M.} and {Da Silva, A.} and {Degaudenzi, H.} and {De Lucia, G.} and {Di Giorgio, A. M.} and {Dinis, J.} and {Dubath, F.} and {Duncan, C. A. J.} and {Dupac, X.} and {Dusini, S.} and {Farina, M.} and {Farrens, S.} and {Faustini, F.} and {Ferriol, S.} and {Fourmanoit, N.} and {Frailis, M.} and {Franceschi, E.} and {Fumana, M.} and {Galeotta, S.} and {Gillard, W.} and {Gillis, B.} and {Giocoli, C.} and {Granett, B. R.} and {Grazian, A.} and {Grupp, F.} and {Guzzo, L.} and {Haugan, S. V. H.} and {Hoar, J.} and {Hoekstra, H.} and {Holmes, W.} and {Hook, I.} and {Hormuth, F.} and {Hornstrup, A.} and {Hudelot, P.} and {Jahnke, K.} and {Jhabvala, M.} and {Joachimi, B.} and {Keihänen, E.} and {Kermiche, S.} and {Kiessling, A.} and {Kilbinger, M.} and {Kohley, R.} and {Kubik, B.} and {Kümmel, M.} and {Kunz, M.} and {Kurki-Suonio, H.} and {Lahav, O.} and {Laureijs, R.} and {Le Mignant, D.} and {Ligori, S.} and {Lilje, P. B.} and {Lindholm, V.} and {Lloro, I.} and {Mainetti, G.} and {Maiorano, E.} and {Mansutti, O.} and {Marggraf, O.} and {Markovic, K.} and {Martinelli, M.} and {Martinet, N.} and {Marulli, F.} and {Massey, R.} and {Medinaceli, E.} and {Mei, S.} and {Melchior, M.} and {Mellier, Y.} and {Merlin, E.} and {Meylan, G.} and {Moresco, M.} and {Moscardini, L.} and {Nakajima, R.} and {Nichol, R. C.} and {Niemi, S.-M.} and {Nightingale, J. W.} and {Padilla, C.} and {Paltani, S.} and {Pasian, F.} and {Pedersen, K.} and {Percival, W. J.} and {Pettorino, V.} and {Pires, S.} and {Polenta, G.} and {Poncet, M.} and {Popa, L. A.} and {Pozzetti, L.} and {Raison, F.} and {Rebolo, R.} and {Renzi, A.} and {Rhodes, J.} and {Riccio, G.} and {Rix, H.-W.} and {Romelli, E.} and {Roncarelli, M.} and {Rossetti, E.} and {Rusholme, B.} and {Saglia, R.} and {Sakr, Z.} and {Sánchez, A. G.} and {Sapone, D.} and {Sartoris, B.} and {Schneider, P.} and {Schrabback, T.} and {Secroun, A.} and {Seidel, G.} and {Serrano, S.} and {Sirignano, C.} and {Sirri, G.} and {Stanco, L.} and {Steinwagner, J.} and {Tallada-Crespí, P.} and {Tereno, I.} and {Toledo-Moreo, R.} and {Torradeflot, F.} and {Tutusaus, I.} and {Valenziano, L.} and {Vassallo, T.} and {Verdoes Kleijn, G.} and {Veropalumbo, A.} and {Wang, Y.} and {Weller, J.} and {Zacchei, A.} and {Zamorani, G.} and {Zucca, E.} and {Burigana, C.} and {Casenove, P.} and {Mora, A.} and {Scottez, V.} and {Viel, M.} and {Jauzac, M.} and {Dannerbauer, H.}},
	title = {Euclid: A complete Einstein ring in NGC 6505⋆},
	DOI= "10.1051/0004-6361/202453014",
	url= "https://doi.org/10.1051/0004-6361/202453014",
	journal = {A&A},
	year = 2025,
	volume = 694,
	pages = "A145",
}


@misc{geek3_universe_scale,
  author       = {Geek3},
  title        = {Universe scale evolution plot},
  year         = {2011},
  howpublished = {\url{https://commons.wikimedia.org/wiki/File:Mplwp_universe_scale_evolution.svg}},
  note         = {Licensed under Creative Commons Attribution-ShareAlike 3.0}
}


@misc{planckSatelliteImage,
  author       = {{ESA - Planck Satellite Mission}},
  title        = {Immagine del satellite Planck in orbita},
  howpublished = {\url{http://www.satelliteplanck.it/content/view/92/55/index.html}},
  note         = {Accesso il 14 luglio 2025},
  year         = {2009}
}


@misc{millennium_simulation,
  author       = {{Springel, V.} and {White, S. D. M.} and {Jenkins, A.} and {et al.}},
  title        = {The Millennium Simulation Project},
  howpublished = {\url{https://wwwmpa.mpa-garching.mpg.de/galform/virgo/millennium/}},
  year         = {2005},
  note         = {Accessed: 2025-06-27}
}


@misc{MACS1206,
  author       = {{ESA/Hubble & NASA}},
  title        = {A Perfect Spiral - Hubble Image of Galaxy NGC 4911},
  year         = {2011},
  url          = {https://esahubble.org/images/heic1115a/},
  note         = {Accessed: July 3, 2025}
}


@misc{wikiNFWprofile,
  author       = {{Wikipedia contributors}},
  title        = {Comparison of NFW and Einasto profiles --- Wikipedia},
  year         = {2024},
  howpublished = {\url{https://en.wikipedia.org/wiki/File:Comparison_of_NFW_and_Einasto_profiles.svg}},
  note         = {Accessed: July 11, 2025}
}


@article{De_Propris_2020,
   title={Brightest cluster galaxies: the centre can(not?) hold},
   volume={500},
   ISSN={1365-2966},
   url={http://dx.doi.org/10.1093/mnras/staa3286},
   DOI={10.1093/mnras/staa3286},
   number={1},
   journal={Monthly Notices of the Royal Astronomical Society},
   publisher={Oxford University Press (OUP)},
   author={De Propris, Roberto and West, Michael J and Andrade-Santos, Felipe and Ragone-Figueroa, Cinthia and Rasia, Elena and Forman, William and Jones, Christine and Kipper, Rain and Borgani, Stefano and Lambas, Diego García and Romashkova, Elena A and Patra, Kishore C},
   year={2020},
   month=oct, pages={310–318} 
}


@misc{Lectures_Gravitational_Lensing,
      title={Lectures on Gravitational Lensing}, 
      author={Ramesh Narayan and Matthias Bartelmann},
      year={1997},
      eprint={astro-ph/9606001},
      archivePrefix={arXiv},
      primaryClass={astro-ph},
      url={https://arxiv.org/abs/astro-ph/9606001}, 
}


@ARTICLE{Burkert_1995,
       author = {{Burkert}, A.},
        title = "{The Structure of Dark Matter Halos in Dwarf Galaxies}",
      journal = {\apjl},
     keywords = {COSMOLOGY: DARK MATTER, GALAXIES: SPIRAL, GALAXIES: STRUCTURE, Astrophysics},
         year = 1995,
        month = jul,
       volume = {447},
        pages = {L25-L28},
          doi = {10.1086/309560},
archivePrefix = {arXiv},
       eprint = {astro-ph/9504041},
 primaryClass = {astro-ph},
       adsurl = {https://ui.adsabs.harvard.edu/abs/1995ApJ...447L..25B},
      adsnote = {Provided by the SAO/NASA Astrophysics Data System}
}


@misc{Sarazin2002,
  author       = {Craig L. Sarazin},
  title        = {X-Ray Emission from Clusters of Galaxies – Contents},
  year         = {2002},
  month        = {March},
  url          = {https://ned.ipac.caltech.edu/level5/March02/Sarazin/Sarazin_contents.html},
  note         = {Accessed: 2025-08-01},
  howpublished = {NASA/IPAC Extragalactic Database Level 5, California Institute of Technology}
}


@misc{Relativistic_perturbation,
  author       = {Tirthankar Roy Choudhury},
  title        = {Lecture 11 - Relativistic perturbation theory in cosmology},
  year         = {2021},
  howpublished = {\url{http://www.ncra.tifr.res.in:8081/~tirth/Teaching/Cosmology-2021/Lectures/lecture-11-web.pdf}},
  note         = {Accessed: 2025-06-28}
}


@misc{clash_stsci,
  author       = {{Space Telescope Science Institute}},
  title        = {CLASH: Cluster Lensing And Supernova survey with Hubble},
  howpublished = {\url{https://www.stsci.edu/~postman/CLASH/}},
  note         = {Accessed: 2025-07-15}
}


@misc{wfc3_esahubble,
  author       = {{European Space Agency}},
  title        = {Hubble’s Instruments: WFC3 – Wide Field Camera 3},
  howpublished = {\url{https://esahubble.org/about/general/instruments/wfc3/}},
  note         = {Accessed: 2025-07-15}
}


@misc{clashvlt_site,
  author       = {{CLASH-VLT Collaboration}},
  title        = {{CLASH--VLT Public Web Page}},
  howpublished = {\url{https://sites.google.com/site/vltclashpublic/home}},
  note         = {Accessed: 2025-07-16}
}


@misc{WFC3_SM4,
  author       = {{NASA/GSFC}},
  title        = {{Servicing Mission 4 (SM4): COS and WFC3 Installation on HST}},
  howpublished = {\url{https://science.nasa.gov/mission/hubble/observatory/missions-to-hubble/servicing-mission-4/}},
  year         = {2009},
  note         = {accessed 16 July 2025}
}


@misc{Rottgering2011Lecture10,
  author       = {H. J. A. R{\"o}ttgering},
  title        = {Lecture 10: Galaxies},
  howpublished = {Lecture notes, PDF},
  institution  = {Leiden University},
  year         = {2011},
  url          = {https://home.strw.leidenuniv.nl/~rottgering/Site/Galaxies_lectures_2011_files/Lecture-10.pdf}
}


@ARTICLE{Milgrom_1983_MOND,
       author = {{Milgrom}, M.},
        title = "{A modification of the Newtonian dynamics as a possible alternative to the hidden mass hypothesis.}",
      journal = {\apj},
     keywords = {Cosmology, Galactic Structure, Nonrelativistic Mechanics, Stellar Motions, Particle Acceleration, Solar System, Astrophysics},
         year = 1983,
        month = jul,
       volume = {270},
        pages = {365-370},
          doi = {10.1086/161130},
       adsurl = {https://ui.adsabs.harvard.edu/abs/1983ApJ...270..365M},
      adsnote = {Provided by the SAO/NASA Astrophysics Data System}
}


@article{Capozziello_2006,
   title={Dark energy and dark matter as curvature effects?},
   volume={2006},
   ISSN={1475-7516},
   url={http://dx.doi.org/10.1088/1475-7516/2006/08/001},
   DOI={10.1088/1475-7516/2006/08/001},
   number={08},
   journal={Journal of Cosmology and Astroparticle Physics},
   publisher={IOP Publishing},
   author={Capozziello, S and Cardone, V F and Troisi, A},
   year={2006},
   month=aug, pages={001–001} 
}


@article{A_BARYONIC_SOLUTION_TO_THE_MISSING_SATELLITES_PROBLEM,
   title={A BARYONIC SOLUTION TO THE MISSING SATELLITES PROBLEM},
   volume={765},
   ISSN={1538-4357},
   url={http://dx.doi.org/10.1088/0004-637X/765/1/22},
   DOI={10.1088/0004-637x/765/1/22},
   number={1},
   journal={The Astrophysical Journal},
   publisher={American Astronomical Society},
   author={Brooks, Alyson M. and Kuhlen, Michael and Zolotov, Adi and Hooper, Dan},
   year={2013},
   month=feb, pages={22}
}


@article{There_is_No_Missing_Satellites_Problem,
   title={Missing Satellites Problem: Completeness Corrections to the Number of Satellite Galaxies in the Milky Way are Consistent with Cold Dark Matter Predictions},
   volume={121},
   ISSN={1079-7114},
   url={http://dx.doi.org/10.1103/PhysRevLett.121.211302},
   DOI={10.1103/physrevlett.121.211302},
   number={21},
   journal={Physical Review Letters},
   publisher={American Physical Society (APS)},
   author={Kim, Stacy Y. and Peter, Annika H. G. and Hargis, Jonathan R.},
   year={2018},
   month=nov 
}


@article{Biviano_MAMPOSSt,
    author = {Mamon, Gary A. and Biviano, Andrea and Boué, Gwenaël},
    title = {MAMPOSSt: Modelling Anisotropy and Mass Profiles of Observed Spherical Systems – I. Gaussian 3D velocities},
    journal = {Monthly Notices of the Royal Astronomical Society},
    volume = {429},
    number = {4},
    pages = {3079-3098},
    year = {2013},
    month = {01},
    abstract = {Mass modelling of spherical systems through internal kinematics is hampered by the mass–velocity anisotropy degeneracy inherent in the Jeans equation, as well as the lack of techniques that are both fast and adaptable to realistic systems. A new fast method, called Modelling Anisotropy and Mass Profiles of Observed Spherical Systems (MAMPOSSt), is developed and thoroughly tested. MAMPOSSt performs a maximum-likelihood fit of the distribution of observed tracers in projected phase space (projected radius and line-of-sight velocity). As in other methods, MAMPOSSt assumes a shape for the gravitational potential (or equivalently the total mass profile). However, instead of postulating a shape for the distribution function in terms of energy and angular momentum, or supposing Gaussian line-of-sight velocity distributions, MAMPOSSt assumes a velocity anisotropy profile and a shape for the 3D velocity distribution. The formalism is presented for the case of a Gaussian 3D velocity distribution. In contrast to most methods based on moments, MAMPOSSt requires no binning, differentiation, nor extrapolation of the observables. Tests on cluster-mass haloes from ΛCDM dissipationless cosmological simulations indicate that, with 500 tracers, MAMPOSSt is able to jointly recover the virial radius, tracer scale radius, dark matter scale radius and outer or constant velocity anisotropy with small bias (\&lt;10 per cent on scale radii and \&lt;2 per cent on the two other quantities) and inefficiencies of 10, 27, 48 and 20 per cent, respectively. MAMPOSSt does not perform better when some parameters are frozen, and even particularly worse when the virial radius is set to its true value, which appears to be the consequence of halo triaxiality. The accuracy of MAMPOSSt depends weakly on the adopted interloper removal scheme, including an efficient iterative Bayesian scheme that we introduce here, which can directly obtain the virial radius with as good precision as MAMPOSSt. Additional tests are made on the number of tracers, the stacking of haloes, the chosen aperture, and the density and velocity anisotropy models. Our tests show that MAMPOSSt with Gaussian 3D velocities is very competitive with other methods that are either currently restricted to constant velocity anisotropy or 3 orders of magnitude slower. These tests suggest that MAMPOSSt can be a very powerful and rapid method for the mass and anisotropy modelling of systems such as clusters and groups of galaxies, elliptical and dwarf spheroidal galaxies.},
    issn = {0035-8711},
    doi = {10.1093/mnras/sts565},
    url = {https://doi.org/10.1093/mnras/sts565},
    eprint = {https://academic.oup.com/mnras/article-pdf/429/4/3079/3298617/sts565.pdf},
}


@article{Velocity_dispersion_around_ellipticals_in_MOND,
	author = {{Tiret, O.} and {Combes, F.} and {Angus, G. W.} and {Famaey, B.} and {Zhao, H. S.}},
	title = {Velocity dispersion around ellipticals in MOND},
	DOI= "10.1051/0004-6361:20078569",
	url= "https://doi.org/10.1051/0004-6361:20078569",
	journal = {A&A},
	year = 2007,
	volume = 476,
	number = 1,
	pages = "L1-L4",
}


@misc{pizzuti2022mgmamposstcodetestgravity,
      title={MG-MAMPOSSt, a code to test gravity at galaxy-cluster scales: a technical introduction}, 
      author={L. Pizzuti and I. D. Saltas and A. Biviano and G. Mamon and L. Amendola},
      year={2022},
      eprint={2201.07194},
      archivePrefix={arXiv},
      primaryClass={astro-ph.CO},
      url={https://arxiv.org/abs/2201.07194}, 
}


@article{Annunziatella_2014,
   title={CLASH-VLT: The stellar mass function and stellar mass density profile of thez= 0.44 cluster of galaxies MACS J1206.2-0847},
   volume={571},
   ISSN={1432-0746},
   url={http://dx.doi.org/10.1051/0004-6361/201424102},
   DOI={10.1051/0004-6361/201424102},
   journal={Astronomy &amp; Astrophysics},
   publisher={EDP Sciences},
   author={Annunziatella, M. and Biviano, A. and Mercurio, A. and Nonino, M. and Rosati, P. and Balestra, I. and Presotto, V. and Girardi, M. and Gobat, R. and Grillo, C. and Kelson, D. and Medezinski, E. and Postman, M. and Scodeggio, M. and Brescia, M. and Demarco, R. and Fritz, A. and Koekemoer, A. and Lemze, D. and Lombardi, M. and Sartoris, B. and Umetsu, K. and Vanzella, E. and Bradley, L. and Coe, D. and Donahue, M. and Infante, L. and Kuchner, U. and Maier, C. and Regős, E. and Verdugo, M. and Ziegler, B.},
   year={2014},
   month=nov, pages={A80} 
}


@ARTICLE{Dressler_1980,
       author = {{Dressler}, A.},
        title = "{Galaxy morphology in rich clusters: implications for the formation and evolution of galaxies.}",
      journal = {\apj},
     keywords = {Elliptical Galaxies, Galactic Clusters, Galactic Evolution, Galactic Structure, Spiral Galaxies, Astronomical Maps, Density Distribution, Interstellar Gas, Telescopes, Universe, X Ray Astronomy, Astrophysics},
         year = 1980,
        month = mar,
       volume = {236},
        pages = {351-365},
          doi = {10.1086/157753},
       adsurl = {https://ui.adsabs.harvard.edu/abs/1980ApJ...236..351D},
      adsnote = {Provided by the SAO/NASA Astrophysics Data System}
}


@article{The_Luminosity_Function_of_the_Milky_Way_Satellites_2008,
   title={The Luminosity Function of the Milky Way Satellites},
   volume={686},
   ISSN={1538-4357},
   url={http://dx.doi.org/10.1086/589911},
   DOI={10.1086/589911},
   number={1},
   journal={The Astrophysical Journal},
   publisher={American Astronomical Society},
   author={Koposov, S. and Belokurov, V. and Evans, N. W. and Hewett, P. C. and Irwin, M. J. and Gilmore, G. and Zucker, D. B. and Rix, H.‐W. and Fellhauer, M. and Bell, E. F. and Glushkova, E. V.},
   year={2008},
   month=oct, pages={279–291} 
}


@article{THE_INVISIBLES:_A_DETECTION_ALGORITHM_TO_TRACE_THE_FAINTEST_MILKY_WAY_SATELLITES_2008,
   title={THE INVISIBLES: A DETECTION ALGORITHM TO TRACE THE FAINTEST MILKY WAY SATELLITES},
   volume={137},
   ISSN={1538-3881},
   url={http://dx.doi.org/10.1088/0004-6256/137/1/450},
   DOI={10.1088/0004-6256/137/1/450},
   number={1},
   journal={The Astronomical Journal},
   publisher={American Astronomical Society},
   author={Walsh, S. M. and Willman, B. and Jerjen, H.},
   year={2008},
   month=dec, pages={450–469} 
}


@article{Cameron_2009,
   title={THE MILLENNIUM GALAXY CATALOGUE: EXPLORING THE COLOR-CONCENTRATION BIMODALITY VIA BULGE-DISK DECOMPOSITION},
   volume={699},
   ISSN={1538-4357},
   url={http://dx.doi.org/10.1088/0004-637X/699/1/105},
   DOI={10.1088/0004-637x/699/1/105},
   number={1},
   journal={The Astrophysical Journal},
   publisher={American Astronomical Society},
   author={Cameron, Ewan and Driver, Simon P. and Graham, Alister W. and Liske, Jochen},
   year={2009},
   month=jun, pages={105–117} 
}


@misc{Sachs2008WeakLensing3D,
  author       = {Michael Sachs},
  title        = {Gravitational-lensing-3d (diagram showing the effects of gravitational lensing in 3D)},
  year         = {2008},
  howpublished = {Wikimedia Commons},
  url          = {https://commons.wikimedia.org/wiki/File:Gravitational-lensing-3d.png},
  note         = {Dual-licensed under CC BY-SA 3.0 and GFDL 1.2 or later. Accessed 21 Aug 2025}
}


@ARTICLE{Osipkov_1979,
       author = {{Osipkov}, L.~P.},
        title = "{Spherical systems of gravitating bodies with an ellipsoidal velocity distribution}",
      journal = {Soviet Astronomy Letters},
         year = 1979,
        month = jan,
       volume = {5},
        pages = {42-44},
       adsurl = {https://ui.adsabs.harvard.edu/abs/1979SvAL....5...42O},
      adsnote = {Provided by the SAO/NASA Astrophysics Data System}
}


@ARTICLE{Merritt_1985,
       author = {{Merritt}, D.},
        title = "{Distribution functions for spherical galaxies}",
      journal = {\mnras},
     keywords = {Distribution Functions, Galactic Structure, Velocity Distribution, Anisotropic Media, Brightness Distribution, Radial Velocity, Spheres, Astrophysics},
         year = 1985,
        month = jun,
       volume = {214},
        pages = {25P-28P},
          doi = {10.1093/mnras/214.1.25P},
       adsurl = {https://ui.adsabs.harvard.edu/abs/1985MNRAS.214P..25M},
      adsnote = {Provided by the SAO/NASA Astrophysics Data System}
}


@article{MUSE_Caminha_2017,
   title={Mass distribution in the core of MACS J1206: Robust modeling from an exceptionally large sample of central multiple images},
   volume={607},
   ISSN={1432-0746},
   url={http://dx.doi.org/10.1051/0004-6361/201731498},
   DOI={10.1051/0004-6361/201731498},
   journal={Astronomy &amp; Astrophysics},
   publisher={EDP Sciences},
   author={Caminha, G. B. and Grillo, C. and Rosati, P. and Meneghetti, M. and Mercurio, A. and Ettori, S. and Balestra, I. and Biviano, A. and Umetsu, K. and Vanzella, E. and Annunziatella, M. and Bonamigo, M. and Delgado-Correal, C. and Girardi, M. and Lombardi, M. and Nonino, M. and Sartoris, B. and Tozzi, P. and Bartelmann, M. and Bradley, L. and Caputi, K. I. and Coe, D. and Ford, H. and Fritz, A. and Gobat, R. and Postman, M. and Seitz, S. and Zitrin, A.},
   year={2017},
   month=nov, pages={A93}
}


@article{Biviano_CLUMPS,
   title={The GOGREEN survey: Internal dynamics of clusters of galaxies at redshift 0.9–1.4},
   volume={650},
   ISSN={1432-0746},
   url={http://dx.doi.org/10.1051/0004-6361/202140564},
   DOI={10.1051/0004-6361/202140564},
   journal={Astronomy &amp; Astrophysics},
   publisher={EDP Sciences},
   author={Biviano, A. and van der Burg, R. F. J. and Balogh, M. L. and Munari, E. and Cooper, M. C. and De Lucia, G. and Demarco, R. and Jablonka, P. and Muzzin, A. and Nantais, J. and Old, L. J. and Rudnick, G. and Vulcani, B. and Wilson, G. and Yee, H. K. C. and Zaritsky, D. and Cerulo, P. and Chan, J. and Finoguenov, A. and Gilbank, D. and Lidman, C. and Pintos-Castro, I. and Shipley, H.},
   year={2021},
   month=jun, pages={A105}
}


@ARTICLE{Girardi_et_al._2015,
       author = {{Girardi}, M. and {Mercurio}, A. and {Balestra}, I. and {Nonino}, M. and {Biviano}, A. and {Grillo}, C. and {Rosati}, P. and {Annunziatella}, M. and {Demarco}, R. and {Fritz}, A. and {Gobat}, R. and {Lemze}, D. and {Presotto}, V. and {Scodeggio}, M. and {Tozzi}, P. and {Bartosch Caminha}, G. and {Brescia}, M. and {Coe}, D. and {Kelson}, D. and {Koekemoer}, A. and {Lombardi}, M. and {Medezinski}, E. and {Postman}, M. and {Sartoris}, B. and {Umetsu}, K. and {Zitrin}, A. and {Boschin}, W. and {Czoske}, O. and {De Lucia}, G. and {Kuchner}, U. and {Maier}, C. and {Meneghetti}, M. and {Monaco}, P. and {Monna}, A. and {Munari}, E. and {Seitz}, S. and {Verdugo}, M. and {Ziegler}, B.},
        title = "{CLASH-VLT: Substructure in the galaxy cluster MACS J1206.2-0847 from kinematics of galaxy populations}",
      journal = {\aap},
     keywords = {galaxies: clusters: individual: MACS J1206.2-0847, galaxies: clusters: general, galaxies: kinematics and dynamics, galaxies: evolution, cosmology: observations, Astrophysics - Cosmology and Nongalactic Astrophysics, Astrophysics - Astrophysics of Galaxies},
         year = 2015,
        month = jul,
       volume = {579},
          eid = {A4},
        pages = {A4},
          doi = {10.1051/0004-6361/201425599},
archivePrefix = {arXiv},
       eprint = {1503.05607},
 primaryClass = {astro-ph.CO},
       adsurl = {https://ui.adsabs.harvard.edu/abs/2015A&A...579A...4G},
      adsnote = {Provided by the SAO/NASA Astrophysics Data System}
}


@article{Pizzuti_refracted_gravity_2025,
   title={Testing refracted gravity with the kinematics of galaxy clusters},
   volume={698},
   ISSN={1432-0746},
   url={http://dx.doi.org/10.1051/0004-6361/202452739},
   DOI={10.1051/0004-6361/202452739},
   journal={Astronomy &amp; Astrophysics},
   publisher={EDP Sciences},
   author={Pizzuti, L. and Fantoccoli, F. and Broccolato, V. and Biviano, A. and Diaferio, A.},
   year={2025},
   month=jun, pages={A83} 
}


@article{Sartoris_et_al._2020,
	author = {{Sartoris, B.} and {Biviano, A.} and {Rosati, P.} and {Mercurio, A.} and {Grillo, C.} and {Ettori, S.} and {Nonino, M.} and {Umetsu, K.} and {Bergamini, P.} and {Caminha, G. B.} and {Girardi, M.}},
	title = {CLASH-VLT: a full dynamical reconstruction of the mass profile of Abell S1063 from 1 kpc out to the virial radius},
	DOI= "10.1051/0004-6361/202037521",
	url= "https://doi.org/10.1051/0004-6361/202037521",
	journal = {A&A},
	year = 2020,
	volume = 637,
	pages = "A34",
}


@article{Ettori_2011,
   title={Mass profiles andc−MDMrelation in X-ray luminous galaxy clusters (Corrigendum)},
   volume={526},
   ISSN={1432-0746},
   url={http://dx.doi.org/10.1051/0004-6361/201015271e},
   DOI={10.1051/0004-6361/201015271e},
   journal={Astronomy &amp; Astrophysics},
   publisher={EDP Sciences},
   author={Ettori, S. and Gastaldello, F. and Leccardi, A. and Molendi, S. and Rossetti, M. and Buote, D. and Meneghetti, M.},
   year={2011},
   month=jan, pages={C1} }


% ------ Articoli ancora da citare --------

@article{Borgani_2011,
   title={Cosmological Simulations of Galaxy Clusters},
   volume={4},
   ISSN={1936-7317},
   url={http://dx.doi.org/10.1166/asl.2011.1209},
   DOI={10.1166/asl.2011.1209},
   number={2},
   journal={Advanced Science Letters},
   publisher={American Scientific Publishers},
   author={Borgani, Stefano and Kravtsov, Andrey},
   year={2011},
   month=feb, pages={204–227}
}


@article{Kravtsov_2012,
   title={Formation of Galaxy Clusters},
   volume={50},
   ISSN={1545-4282},
   url={http://dx.doi.org/10.1146/annurev-astro-081811-125502},
   DOI={10.1146/annurev-astro-081811-125502},
   number={1},
   journal={Annual Review of Astronomy and Astrophysics},
   publisher={Annual Reviews},
   author={Kravtsov, Andrey V. and Borgani, Stefano},
   year={2012},
   month=sep, pages={353–409}
}